3154 4970
587 402 746 464 „29-

105 559 312 652 urbanisque
337 561 466 632 mentis
487 561 579 652 jocis
603 560 782 631 auditores
807 582 966 632 recreare
990 563 1150 647 valeant,¹
1175 583 1239 633 ne*

104 677 181 747 dum
199 678 399 770 exprimant
419 700 498 770 quae
534 677 695 749 sentiunt
723 697 731 748 :
758 680 860 748 nefas
883 679 991 760 enim,
1023 679 1236 771 imperatore

104 803 252 879 vetante,
269 795 306 866 in
325 795 443 864 animo
458 794 640 866 recondita
652 815 873 886 expromere.
895 798 946 865 lla
959 795 1071 886 igitur
1084 805 1139 866 est
1152 816 1237 887 poe-

102 910 160 996 sie,
189 933 267 1003 quae
295 911 475 983 auditores
505 915 648 1002 Juvare,
678 920 819 1004 poetam
847 933 931 982 vero
970 912 1061 984 tueri
1100 911 1234 1004 possit;

100 1047 172 1115 quae
185 1027 221 1098 in
235 1027 388 1119 publicis
403 1027 674 1098 recitationibus
688 1027 948 1098 declamantem
970 1028 1131 1113 extollat,
1147 1051 1236 1100 uno·

100 1163 231 1233 quoque
242 1142 439 1212 carminum
454 1141 563 1213 verbo
579 1143 848 1213 accuratissime
863 1142 1054 1234 exquisito,
1069 1165 1138 1240 quo
1148 1143 1238 1235 lepi-

99 1255 175 1327 dius
189 1257 455 1344 similitudines,
466 1260 643 1351 exempla,
661 1259 956 1351 amplificationes
979 1259 1237 1350 sententiaque

98 1373 253 1466 fulgeant
290 1397 297 1443 :
334 1395 494 1464 gemmas
523 1374 699 1467 expolitas
726 1375 910 1466 multaque
940 1374 1027 1445 lima
1059 1377 1235 1446 cruciatas

98 1489 191 1559 dicas
215 1490 274 1582 (i).
295 1491 463 1561 Eruditus
485 1491 784 1582 doctissimusque
803 1491 862 1576 sit,
879 1491 941 1582 qui
963 1491 1113 1563 recitare
1135 1492 1232 1578 vult;

96 1606 269 1676 auditores
288 1607 383 1678 enim
408 1607 510 1678 aliter
530 1628 572 1677 ac
592 1607 779 1678 iuvenalis
803 1615 963 1693 censent,
988 1607 1073 1678 dum
1094 1607 1203 1698 gemit
1225 1629 1233 1676 :

195 1777 278 1839 Nota
291 1777 391 1857 magis
406 1776 485 1839 nulli
499 1776 610 1840 domus
624 1784 670 1841 est
684 1796 751 1852 sua,
767 1796 860 1858 quam
876 1778 954 1842 mihi
971 1778 1060 1842 lucus

191 1883 307 1948 Martis.

134 2042 243 2113 Multa
262 2063 347 2113 vero
379 2043 579 2115 describere
602 2065 643 2114 ac
671 2044 820 2134 fingere,
852 2044 963 2116 variis
978 2047 1236 2139 permultisque

92 2156 216 2248 figuris
230 2159 283 2229 uti
298 2159 458 2247 decebat,
476 2183 545 2252 quo
556 2161 751 2253 jucundius
767 2161 956 2254 scriptores
966 2165 1103 2233 animos
1114 2164 1237 2234 istius-

92 2274 187 2343 modi
225 2283 371 2346 ornatus
398 2276 648 2369 cupidissimos
676 2276 946 2369 permulcerent.
982 2282 1108 2350 Nonne
1140 2281 1236 2350 enim

91 2391 332 2470 Quintilianus
362 2393 503 2463 dicebat
533 2417 540 2461 :
568 2417 585 2458 u
609 2394 646 2463 Si
670 2394 856 2484 antiquum
892 2415 1092 2466 sermonem
1114 2404 1236 2466 nostro

90 2527 350 2598 comparamus,
373 2529 463 2600 pene
481 2511 556 2601 jam
575 2509 748 2600 quidquid
766 2510 1093 2600 loquimur„iigura
1111 2517 1189 2582 est?
1216 2540 1233 2580 1)

134 2625 229 2702 Quos
253 2624 422 2717 orationis
440 2625 578 2716 lepores
602 2625 706 2695 Statii
732 2624 844 2695 nostri
873 2618 1028 2717 pateris
1056 2636 1145 2713 erat,
1174 2629 1235 2718 qui

86 2759 305 2831 magnopere
318 2748 401 2810 nato
417 2741 633 2811 exercendos
649 2740 815 2813 traderet.

132 2858 213 2926 Non
245 2855 348 2926 modo
377 2857 532 2928 solemus
560 2855 706 2926 habitus
733 2856 907 2948 quosdam
938 2856 1049 2926 animi
1072 2859 1235 2950 accipere

85 2978 197 3061 atque
220 2971 381 3043 obtinere
399 2993 444 3043 ex
459 2972 626 3043 omnibus
645 2973 690 3044 iis
713 2973 833 3057 rebus,
851 2993 931 3064 quae
954 2974 1048 3044 inter
1075 2972 1237 3046 homines

85 3086 252 3176 ejusdem
275 3089 391 3159 aetatis
408 3089 512 3179 quasi
536 3109 654 3160 errare
674 3110 715 3158 ac
736 3088 886 3158 volitare
905 3087 1085 3174 videntur,
1110 3110 1237 3160 verum

85 3204 333 3275 adolescentes
359 3225 404 3275 ex
429 3205 598 3296 peculiari
624 3205 834 3276 educatione
862 3227 884 3274 a
916 3204 1125 3296 parentibus
1154 3207 1237 3276 data

85 3320 311 3410 singularem
350 3343 451 3390 suam
484 3320 613 3392 mentis
642 3320 814 3391 rationem
854 3320 1023 3392 ducentes
1057 3321 1235 3392 videmus

83 3441 202 3510 Multa
222 3431 314 3531 patri
337 3439 473 3507 Statius
504 3437 640 3520 debuit,
662 3457 743 3505 curn
765 3456 894 3527 nempe
912 3444 1015 3529 pater
1039 3445 1165 3508 natum
1191 3438 1236 3508 ad

82 3556 201 3646 ipsius
227 3555 382 3646 speciem
415 3553 636 3643 figuramque
659 3551 815 3622 finxerit.
839 3552 953 3623 Filius
986 3561 1119 3639 autem,
1145 3553 1263 3645 sicut¹

81 3671 270 3754 Horatius
282 3671 374 3764 patri
389 3669 648 3763 amplissimam
661 3687 924 3759 memoremque
933 3669 1086 3759 gratiam
1097 3669 1237 3756 tribuit,

80 3809 171 3857 nam
195 3788 310 3879 ipsius
331 3787 544 3877 magistrum
562 3783 727 3856 versibus
751 3782 891 3876 copiose
905 3785 1078 3877 depinxit.

129 3903 257 3985 Qualis
280 3913 392 3997 pater,
417 3903 501 3975 talis
528 3901 625 3971 filius
651 3923 659 3974 :
686 3900 780 3992 quod
801 3901 953 3991 vulgare
971 3922 1115 3972 carmen
1134 3902 1239 3973 Statii

80 4020 294 4112 exemplum
313 4043 385 4091 non
398 4019 545 4112 frangit.
563 4022 667 4089 Pater
681 4019 778 4088 enim
793 4017 888 4109 apud
899 4018 1151 4109 Neapolitanos
1165 4040 1238 4088 non

113 4208 150 4272 (1)
168 4208 311 4274 Exquisita
324 4207 548 4271 iestirisslmaque
561 4205 593 4258 de
608 4205 718 4271 publicis
731 4205 787 4256 iliis
799 4204 999 4258 recitationibus
1018 4205 1124 4271 scripuli
1137 4206 1238 4258 Nissen

79 4289 112 4342 in
127 4291 207 4342 notis
219 4289 273 4342 illis
283 4289 398 4354 paginis,
413 4289 486 4338 Poet.
503 4287 563 4349 tat..
578 4287 598 4346 1,
613 4285 726 4338 idi-328.
