3154 4970
572 421 732 488 ..59-

89 581 320 652 :antummodo
347 581 450 676 legit,
486 585 619 655 nedum
648 601 691 652 ea
718 581 778 652 vel
802 578 993 651 enucleare
1017 578 1078 650 vel
1099 577 1225 648 saltem

89 694 226 786 pingere
252 697 355 770 velit.

123 814 200 884 Non
227 814 331 884 modo
355 816 440 887 deos
460 815 671 906 heroesque,
696 833 824 884 verum
852 811 962 884 etiem
987 811 1227 882 humanarum

89 948 198 998 rerum
222 928 391 1003 historias
415 932 551 1003 Statius
566 931 605 1003 in
624 931 781 1024 poeticas
802 930 940 1021 figuras
959 929 1082 1000 vertit.
1103 932 1228 998 Nonne

89 1045 178 1115 enim
203 1045 242 1117 in
266 1045 447 1119 historicis
474 1048 674 1119 Annalibus
698 1045 819 1119 nescio
843 1047 924 1140 quis
947 1045 1046 1138 lepor
1066 1044 1230 1128 inhaeret,

89 1161 143 1252 qui
163 1162 300 1234 cunctis
316 1164 424 1236 rebus
438 1164 627 1257 preteritis
642 1165 760 1235 inestl

126 1279 260 1350 Statius
274 1300 359 1352 vero
374 1302 420 1353 ex
434 1280 591 1353 historiis
605 1279 709 1366 nihil,
726 1279 797 1350 nisi
813 1278 958 1350 nomina
984 1300 1080 1349 vena
1110 1277 1227 1359 duxit,

89 1413 197 1484 neque
224 1397 303 1488 ejus
331 1397 492 1468 animum
520 1396 691 1468 memoria
718 1416 837 1466 rerum
864 1395 1124 1488 praeteriterum
1155 1414 1232 1486 per-

89 1510 188 1582 cellit.
211 1516 302 1583 Dum
321 1513 525 1586 Alexander
545 1537 563 1580 c
579 1513 764 1606 Babylona
780 1532 916 1602 magna
934 1511 1039 1582 haste
1058 1510 1191 1600 trangit
1212 1537 1228 1573 »

89 1629 440 1722 [1v,vr,66)‚liquet
461 1638 602 1723 poetam
624 1637 723 1700 tento
743 1629 888 1700 nomine
910 1629 1059 1699 minime
1079 1628 1228 1699 moveri.

89 1747 210 1814 Numae
232 1745 329 1815 mitis
351 1746 513 1839 nympha
535 1767 638 1817 sacra
659 1745 821 1837 ritusque
845 1745 1011 1817 colendos
1035 1745 1103 1816 sub
1128 1752 1231 1816 antro

89 1860 207 1948 dictet,
225 1882 342 1953 neque
372 1871 520 1955 apparet
543 1863 629 1953 quid
655 1862 807 1953 jucundi
837 1870 900 1933 aut
930 1860 1058 1953 poetici
1087 1862 1127 1932 in
1156 1870 1229 1931 tem

89 1977 203 2069 lepida
231 1977 293 2048 illa
320 1978 442 2049 fabula
470 1979 590 2051 inesse
617 1979 802 2066 videatur;
838 1978 1058 2072 Scipionem,
1093 1977 1231 2049 Sullam

89 2092 230 2164 nomine
259 2097 367 2165 refert
394 2097 448 2188 (V.
480 2100 537 2183 III,
570 2096 664 2187 290),
691 2095 915 2187 negligitque
940 2096 999 2167 vel
1024 2116 1095 2165 uno
1122 2094 1232 2165 verbo

89 2216 203 2280 tantos
227 2211 325 2281 viros
349 2211 387 2282 in
410 2211 628 2283 carminibus
656 2211 732 2283 suis
760 2211 864 2303 quasi
892 2211 1073 2283 redivivos
1101 2211 1231 2282 facero.

89 2327 170 2407 imo,
193 2348 304 2418 quum
333 2327 377 2399 de
399 2328 603 2400 Hannibale
630 2327 691 2399 illo
720 2350 778 2399 res
806 2328 939 2418 egitur,
960 2328 1004 2399 de
1032 2336 1132 2398 tanto
1155 2328 1233 2398 viro

89 2441 187 2515 nulle
205 2444 350 2535 profert,
367 2452 408 2514 ut
425 2445 530 2516 nobis
551 2445 698 2537 grandis
718 2445 912 2536 gravisque
930 2445 994 2516 illa
1011 2445 1132 2536 imago
1151 2453 1235 2515 ente

90 2559 209 2628 oculos
230 2568 418 2651 appareat;
434 2561 695 2649 Trasimenum,
715 2561 837 2653 Alpes,
859 2564 1135 2652 Cannensesque
1157 2560 1234 2630 ani·

90 2696 165 2744 mas
186 2675 292 2746 siccis
310 2677 424 2748 oculis
442 2681 616 2763 nominet,
637 2679 741 2771 quasi
758 2679 865 2749 utiles
884 2698 1104 2770 oenorasque
1127 2698 1234 2748 voces

90 2792 333 2864 tantummodo
352 2802 512 2886 usurpet,
533 2813 642 2886 seque
668 2795 787 2888 ipsum
811 2799 1009 2865 Romanum
1038 2814 1118 2865 esse
1147 2792 1235 2863 obli-

90 2906 266 2978 viscatur!
286 2911 406 2995 Tecet,
422 2910 485 2980 ubi
503 2911 621 2982 dixit:

268 3117 365 3177 Atrox
380 3117 484 3180 dextre
496 3119 681 3201 periuroque
696 3135 768 3181 ense
783 3077 934 3199 superbus

267 3222 424 3286 Hannibal
435 3226 442 3286 l

92 3424 194 3496 lubi
227 3427 396 3498 terribilis
411 3428 474 3499 ille
488 3429 681 3524 virideque
712 3430 864 3522 effigies,
894 3450 973 3520 quae
1002 3449 1022 3499 e
1049 3425 1238 3497 Juvenelis

92 3542 256 3613 uersibus
276 3545 522 3637 expromitur:

270 3751 295 3814 Ο
311 3751 411 3833 qualis
426 3752 518 3815 facies
534 3760 563 3815 et
577 3752 661 3835 quali
676 3754 771 3836 digna
784 3752 897 3816 tabella

270 3860 374 3935 Quum
391 3860 494 3942 gatula
504 3860 611 3924 ducem
627 3860 1014 3944 portarelbellueluscum.

93 4065 270 4147 Attamen,
292 4062 377 4132 dum
399 4063 644 4157 Philipporum
668 4065 853 4158 planitiem
877 4062 1065 4157 percurrit,
1087 4061 1150 4132 ubi
1172 4065 1240 4130 Ro-

93 4197 278 4247 manorum
309 4200 390 4248 ossa
420 4180 623 4268 albescunt3
659 4182 744 4252 dum
780 4189 863 4252 ante
896 4178 1017 4249 oculos
1050 4175 1242 4248 miserrimi

93 4293 251 4389 Pompeii
280 4303 353 4366 tote
394 4296 470 4366 vita
499 4302 616 4390 surgit
649 4301 705 4390 (II,
731 4315 798 4381 v11,
834 4296 904 4388 70),
939 4293 1045 4388 paulo
1069 4291 1243 4363 flebiliore
