3154 4970
529 399 738 462 ‚..75...

92 555 125 624 si
143 555 284 646 quidem
299 556 401 626 Pollii
416 555 545 628 Felicis
560 555 684 628 villam
701 559 757 646 (11,
774 557 824 647 2),
840 557 900 627 vel
916 555 1232 648 Crispini'virtutes

92 669 142 758 (V,
156 671 189 761 2)
209 679 331 764 aperte
349 691 465 763 neque
486 671 560 742 ulla
584 679 660 744 arte
680 672 784 742 nobis
811 693 832 742 a
858 670 1032 764 principio
1058 670 1231 762 poematis

92 794 326 877 repraesentat,
354 794 482 858 caetera
514 788 662 858 exordia
694 786 811 880 magis
837 785 1019 878 exquisita
1039 787 1232 877 lucosaque

92 909 181 972 sunt.
198 905 272 982 Quo
292 902 398 973 citius
413 910 567 974 attentos
578 925 642 974 nos
659 903 797 989 reddat,
809 900 966 995 inopinis
979 899 1233 993 inusitatisque

92 1016 198 1086 modis
218 1025 374 1089 mentem
391 1018 494 1109 quasi
511 1018 674 1112 impellit.

131 1134 392 1225 Saepenumero,
406 1143 444 1204 ut
452 1133 629 1227 exemplis
643 1142 800 1220 utamur,
814 1135 899 1206 dum
914 1153 990 1205 rem
1007 1131 1233 1225 aggreditur,

92 1245 287 1319 istiusmodi
305 1249 646 1340 interrogationibus
661 1250 789 1337 utitur,
802 1271 955 1342 quarum
966 1249 1035 1322 hoc
1050 1248 1233 1342 proprium

92 1372 151 1449 ast,
169 1365 269 1434 velut
286 1367 513 1456 grammatici
528 1367 642 1452 aiunt,
661 1375 702 1436 ut
715 1387 927 1461 responsum
944 1365 1083 1436 nullum
1093 1373 1230 1458 petant.

92 1483 174 1549 dum
193 1478 237 1552 de
254 1481 315 1552 via
333 1482 539 1554 Domitiana
554 1483 686 1574 agitur,
703 1483 852 1562 Statius,
873 1503 958 1552 aure
974 1483 1126 1567 intenta,
1143 1481 1235 1570 ligo-

92 1595 190 1667 nibus
207 1598 301 1669 inter
318 1620 407 1670 saxa
421 1599 643 1689 sonantibus,
656 1601 806 1672 miratus
821 1600 1016 1693 interrogat
1026 1600 1096 1690 (IV,
1109 1617 1160 1683 111,
1175 1599 1207 1690 l)
1223 1616 1231 1669 :

344 1790 418 1865 Quis
433 1790 503 1853 duri
518 1791 611 1853 silicis
628 1791 790 1873 gravisque
805 1790 877 1854 ferri

341 1896 493 1959 Immanis
508 1915 604 1960 sonus
619 1898 734 1979 aequori
750 1899 959 1980 propinquum

343 2003 464 2064 Saxosaa
478 2003 559 2066 latus
572 2005 681 2085 Appiae
694 2004 843 2086 replevit?

129 2176 242 2247 Stella
264 2178 504 2250 Violentillam
526 2202 673 2253 uxorem
699 2183 861 2265 ducente,
885 2181 969 2251 dum
992 2187 1122 2251 cantus
1144 2177 1233 2248 tibi·-

92 2293 255 2385 :inesque
271 2294 475 2393 audiuntur,
494 2298 643 2389 inquirit
662 2306 765 2369 vates
781 2299 821 2388 (Ι,
846 2316 883 2381 11,
902 2299 934 2388 l)
956 2325 963 2367 :

202 2482 291 2545 Unde
306 2502 390 2546 sacro
405 2485 484 2547 Latii
500 2493 674 2548 sonuerunt
687 2486 824 2547 carmine
841 2487 982 2547 montes?

202 2588 271 2667 Gui,
289 2591 392 2665 Paean,
409 2610 488 2653 nova
504 2592 618 2674 plectra
633 2611 737 2655 moves
751 2592 944 2673 humeroque
953 2591 1088 2654 comanti

204 2696 385 2760 Facundum
402 2700 565 2780 suspendis
581 2699 679 2762 ebur?

126 2874 428 2967 Quotiescumque
443 2879 576 2948 Statius
593 2879 636 2950 de
650 2900 745 2949 nova
757 2879 912 2971 quadam
929 2899 966 2949 re
980 2877 1142 2948 dicturus
1161 2884 1227 2962 est,

94 2991 143 3060 liu
170 3011 293 3063 secum
316 2992 518 3078 meditatur,
544 2994 725 3086 quodnam
750 3015 884 3065 numen
908 2995 1140 3065 invocaturus
1167 2994 1228 3064 sit.

94 3108 168 3187 luis
193 3107 281 3179 deus
303 3108 423 3180 Atedii
451 3110 605 3181 Melioris
628 3110 814 3202 platanum
838 3110 1017 3182 tuebitur?
1044 3132 1126 3194 cum
1154 3131 1227 3179 non

94 3243 198 3316 »perae
222 3225 378 3318 pretium
408 3225 455 3296 sit
480 3226 682 3319 Apollinem
706 3226 825 3318 ipsum
845 3246 1042 3307 arcessere,
1071 3225 1229 3296 Naiadas

95 3350 222 3411 autum
241 3362 283 3411 ac
301 3342 417 3412 Fauni
432 3343 593 3433 veniant.
1203 3431 1207 3440 ¹

124 3458 296 3538 Quamvis
311 3458 535 3550 amplissima
549 3459 596 3531 sit
609 3459 774 3530 materies
789 3459 1000 3531 balneorum
1016 3458 1067 3528 Gl.
1089 3458 1230 3529 Etrusci

95 3573 388 3660 elebrandorum,
416 3596 537 3648 nonne
563 3583 684 3647 tamen
714 3575 940 3646 ambitiosius
966 3575 1026 3659 sit,
1055 3574 1229 3645 Phoebum

95 3702 142 3761 ,ut
165 3695 287 3762 Musas
310 3692 438 3778 accire,
460 3713 542 3762 cum
561 3692 694 3762 Naides
715 3691 813 3785 operi
832 3691 997 3764 sufficere
1016 3691 1229 3762 videantur?

95 3809 274 3889 tuiescant
296 3807 409 3900 igitur
438 3817 473 3880 et
500 3808 625 3879 rudem
656 3808 834 3901 accipiant
860 3812 970 3878 Musae
999 3807 1230 3900 Phoebusque

96 3928 120 4009 l,
136 3943 174 4011 v,
198 3927 246 4018 2).

120 4047 269 4114 Necnon
284 4063 366 4112 cum
380 4041 544 4113 kalendae
559 4042 766 4114 decembres
782 4041 926 4124 adsunt,
943 4046 1064 4112 Musas
1080 4041 1229 4113 dimittit

96 4161 238 4244 aristae,
256 4169 296 4229 ut
313 4161 522 4244 Saturnum,
538 4161 642 4230 Jocos
659 4170 695 4231 et
708 4159 808 4231 Sales
828 4159 964 4247 acciatl

121 4279 173 4350 De
187 4297 257 4378 quo
267 4276 512 4378 interrogandi
524 4297 654 4376 genere
668 4275 843 4353 nonnulla
853 4275 970 4352 dicere
984 4283 1226 4376 oportet,cu111
