3154 4970
605 395 765 460 ...25-

119 563 242 641 nostra,
265 555 332 626 sub
352 554 471 648 tepido
495 553 656 624 Rhodani
678 553 765 640 sole,
786 553 824 625 in
849 574 997 626 arenoso
1020 555 1128 629 Medii
1149 557 1258 629 Meris

117 671 238 755 littore,
257 680 388 742 cuncta
406 678 536 741 natura
558 673 694 762 majore
708 690 789 744 csse
806 671 987 745 videntur.

158 786 393 859 Profitendum
417 793 472 858 ost
503 793 623 857 tamen
647 787 801 856 Statium
825 786 958 880 optime
979 789 1152 876 sensisse,
1169 789 1257 882 quid

118 923 222 974 suave
247 902 516 995 jucundumque
539 902 674 974 inesset
696 902 735 972 in
759 923 871 974 uxore
892 903 1087 996 diligenda,
1113 906 1256 976 natisve

115 1017 325 1104 osculandis,
352 1019 487 1110 quidve
519 1039 701 1088 amoenum
730 1017 878 1091 haberet
904 1027 1030 1092 mutua
1063 1022 1256 1113 conjugum

114 1133 275 1205 amicitia.
294 1134 422 1225 Aspice
438 1133 558 1206 felices
579 1134 660 1204 illos
681 1137 853 1226 conjuges
869 1135 907 1206 in
930 1136 1137 1208 Sorrentina
1152 1136 1256 1207 Pollii

113 1248 235 1320 Felicis
249 1247 352 1320 domo
370 1267 378 1319 :

351 1409 355 1416 ’
385 1417 455 1481 Non
470 1417 536 1480 ulla
550 1418 606 1481 deo
622 1417 748 1481 meliore
763 1419 920 1484 cohaerent

266 1526 403 1602 Pectora,
420 1544 485 1588 non
500 1524 575 1588 alias
591 1525 692 1590 decuit
706 1526 868 1590 concordia
883 1535 1013 1592 mentes.

868 1631 928 1717 (S.,
946 1636 985 1712 II,
1003 1654 1035 1712 11,
1051 1636 1134 1717 151.)

152 1792 286 1862 Statius
307 1792 412 1862 nobis
437 1792 554 1884 lepide
583 1791 688 1878 dixit,
709 1814 789 1885 quae
815 1791 858 1863 de
884 1793 1036 1863 conubio
1067 1800 1253 1864 censeret:

112 1911 295 1980 «Uxorem
313 1907 434 1979 vivam
454 1927 573 1979 amare
591 1909 757 2001 voluptas
771 1916 838 1993 est,
857 1909 1060 1980 defunctam
1074 1909 1210 2000 religio.
1234 1935 1252 1976 n

112 2025 200 2112 (Lib.
226 2027 268 2108 V,
294 2024 408 2116 praef.)
436 2024 530 2094 Talis
548 2025 725 2096 sententia
750 2025 920 2095 scribenti
937 2025 1062 2095 honori
1082 2033 1149 2095 est.
1178 2028 1252 2104 Quo

111 2140 239 2226 dolore,
257 2161 326 2231 quo
341 2160 459 2212 amore
470 2139 574 2209 nobis
588 2139 702 2210 multa
721 2141 829 2210 refert
844 2139 887 2211 de
904 2161 968 2210 suo
983 2149 1095 2232 patre,
1117 2140 1162 2211 de
1176 2161 1254 2210 ma-

109 2265 175 2338 tre,
197 2253 241 2326 de
254 2257 423 2346 conjuge!
442 2259 554 2335 Quam
570 2255 706 2325 moestis
721 2257 870 2347 vocibus
883 2264 1031 2327 matrem
1044 2256 1087 2328 de
1101 2257 1252 2346 conjuge

109 2371 274 2444 defuncto
289 2371 433 2443 dentem
449 2371 629 2463 depingit!
655 2372 706 2460 (V,
726 2391 779 2454 111,
797 2373 888 2464 atr.)

149 2490 276 2558 Caram
299 2507 461 2569 uxorem,
493 2486 697 2575 elegantem
725 2507 791 2557 nec
816 2485 1031 2557 inurbanam
1050 2487 1249 2572 mulierem,

104 2622 253 2693 operum
286 2602 589 2692 victoriarumque
616 2602 838 2694 participem,
871 2624 978 2694 quarn
1008 2603 1250 2688 vehementer,

102 2740 211 2809 quam
224 2719 341 2811 lepide
355 2719 493 2804 dilexit,
514 2719 544 2788 si
578 2719 679 2789 modo
698 2719 814 2798 mollis
829 2719 926 2788 illius
942 2719 1108 2789 carminis
1128 2719 1252 2791 memi-

101 2835 214 2921 neris,
232 2835 354 2928 inquo
372 2856 452 2905 eam
467 2845 567 2906 tanto
583 2857 702 2906 amore
716 2836 867 2906 extollit.
885 2839 965 2905 Non
979 2836 1098 2906 minus
1115 2845 1251 2928 patrem

99 2950 202 3022 fovit.
221 2952 307 3032 Quis
327 2951 422 3022 enim
440 2953 566 3022 melius
586 2951 650 3022 filii
671 2972 827 3023 amorem
842 2951 1029 3042 expressit!
1047 2957 1172 3023 Nonne
1187 2975 1252 3045 pa-

98 3078 247 3138 rentum
270 3068 388 3138 vicem
411 3067 489 3139 sine
515 3069 613 3160 prole
639 3067 753 3138 uitam
782 3068 968 3160 agentium
993 3069 1093 3160 prius
1123 3068 1250 3153 doluit,

98 3206 211 3275 quam
232 3191 335 3276 poeta
353 3184 413 3254 ille
432 3192 553 3255 noster
571 3184 609 3254 id
628 3185 788 3274 attigerit
809 3209 817 3254 :

203 3354 367 3435 Seigneur,
384 3354 636 3435 preservez-moi,
653 3357 812 3437 preservez
826 3375 902 3418 ceux
917 3373 978 3437 que
989 3354 1144 3436 ssime...

201 3461 246 3522 De
257 3461 369 3541 jamnis
382 3461 459 3539 voir‚
477 3462 644 3542 Seigneurt
672 3461 741 3524 tete
756 3480 828 3524 sans
843 3461 1130 3536 sseursvermeilles,
1150 3482 1153 3488 ¹

201 3568 246 3630 La
259 3585 333 3648 cage
349 3586 421 3629 sans
436 3568 551 3640 oiseau‚
568 3567 597 3629 11
616 3568 710 3630 ruche
726 3589 798 3631 sans
813 3568 948 3644 abeilles

323 3675 367 3737 La
382 3675 501 3737 maison
517 3694 589 3738 sans
604 3675 744 3738 11111111

907 3711 910 3718 ’
949 3755 1129 3838 (111111.)

142 3915 232 3993 Quae
260 3913 357 3984 vatis
389 3915 502 3984 nostri
530 3915 575 3986 ad
602 3915 707 3986 Statii
730 3915 890 3986 carmina
920 3934 1040 3986 nonne
1070 3906 1250 4006 pertinere

90 4027 294 4099 videntur?

362 4173 484 4236 Orbitas
499 4175 584 4236 omni
602 4173 747 4256 fugienda
762 4175 872 4238 nisu...

345 4281 484 4343 ¹Orbitas
506 4283 592 4342 nulio
608 4281 761 4343 tumulata
782 4283 883 4344 1111111·
