3154 4970
582 385 742 448 -47-

95 539 131 610 in
148 541 304 613 tabulino
327 565 391 614 suo
412 564 623 637 componere
640 554 772 638 posset,
791 556 854 617 aut
873 548 904 618 si
926 549 965 620 iu
987 542 1144 618 romanis
1165 549 1234 619 viis

94 657 244 749 forisque
272 666 411 730 starent
443 681 639 733 marmorea
664 662 782 756 signa,
802 662 1049 758 columnaeque
1081 674 1235 757 ecapta

95 773 224 844 Gracia
254 782 477 846 transvecta.
515 779 601 849 Haec
631 779 751 849 omnia
773 779 924 850 collecta
952 800 1026 850 non
1048 788 1123 850 tam
1147 780 1235 850 artis

96 892 264 979 studium,
285 914 394 984 quam
412 892 560 964 victoris
574 894 778 988 superbiam
797 894 979 967 declarare
1005 895 1234 968 videbantur.

95 1011 178 1079 Rem
205 1029 360 1096 servare,
390 1009 547 1081 rationes
575 1012 768 1102 producere
794 1032 838 1081 ac
860 1019 1079 1110 computare,
1113 1031 1238 1104 regere

94 1124 239 1217 imperio
249 1126 410 1219 populos,
421 1127 540 1219 potius
550 1147 658 1218 quam
670 1125 880 1199 liberalibus
895 1128 1033 1200 artibus
1048 1123 1236 1219 indulgere

95 1238 240 1310 Romani
251 1239 460 1313 didicerant.
477 1245 590 1323 Quam
603 1242 787 1314 fastidiose
800 1242 979 1334 Vergilius
1000 1262 1009 1314 :

231 1411 390 1475 Excudent
402 1411 456 1475 alii
470 1411 619 1494 spirantia
632 1411 758 1476 mollius
772 1432 844 1490 aera,

233 1519 331 1583 Credo
345 1518 501 1602 equidem,
515 1520 601 1582 vivos
614 1519 727 1582 ducent
740 1519 778 1582 de
792 1538 946 1583 marmore
958 1519 1073 1594 vultus,

231 1627 374 1690 Orabunt
388 1646 497 1690 causas
510 1626 631 1705 melius,
647 1628 777 1710 ooelique
792 1636 912 1691 meatus

229 1734 411 1797 Describent
423 1735 521 1800 radio.

134 1896 196 1962 Tot
207 1879 544 1980 statuastabulasve
558 1895 790 1987 imperatores
799 1917 820 1965 a
830 1894 1038 1985 regionibus
1047 1893 1238 1965 submissis

92 2007 304 2094 referebant,
341 2016 383 2080 ut
413 2018 599 2102 appareret
633 2018 669 2082 et
703 2011 755 2082 sic
782 2029 935 2103 quoque,
963 2017 1065 2081 tanta
1091 2030 1237 2102 operum

91 2123 329 2196 universitate
365 2135 532 2198 acervata
564 2135 600 2200 et
631 2126 670 2196 in
705 2148 818 2197 unum
853 2127 1035 2198 cumulum
1062 2128 1237 2218 conjecta,

92 2247 265 2310 terrarum
281 2240 403 2313 orbem
415 2264 437 2312 a
450 2240 620 2313 Romanis
637 2241 746 2313 vinci.
764 2243 920 2335 Operum
933 2261 1018 2313 vero
1032 2239 1237 2322 multitudo,

92 2364 132 2423 ut
166 2355 216 2444 ait
247 2356 402 2444 Plinius,
437 2358 653 2429 oblitteratio
684 2358 846 2450 quaedem
878 2365 974 2447 erat,
1010 2357 1114 2449 plura
1143 2354 1239 2427 enim

91 2472 241 2543 Romani
253 2472 411 2566 undique
426 2475 647 2567 spectabant,
663 2497 772 2568 quam
785 2482 826 2544 ut
835 2496 878 2547 ea
891 2474 1011 2545 omnia
1026 2473 1241 2584 mirarentur

90 2598 154 2659 aut
173 2588 509 2663 animadverterent.
535 2595 662 2662 Nonne
676 2590 818 2662 Tacitus
839 2591 900 2684 (l),
917 2589 1125 2682 indignatus
1146 2590 1241 2680 quod

91 2705 194 2797 plebs
209 2704 365 2799 inclytos
385 2717 509 2801 poetas
522 2708 708 2801 negligere
726 2708 952 2793 soleret,.nos
971 2706 1139 2778 certiores
1157 2705 1241 2776 fecit

90 2825 251 2913 picturas
267 2825 685 2916 statuasqueaRomanis
695 2824 875 2898 contemni
892 2848 900 2895 :
919 2847 937 2890 <t
958 2824 1111 2916 (poetam
1124 2821 1239 2912 illum)

89 2938 123 3009 si
137 2938 221 3030 quis
235 2940 346 3014 semel
357 2941 460 3025 vidit,
476 2941 618 3025 transit,
630 2949 667 3013 et
681 2947 869 3014 contentus
879 2949 948 3025 est,
965 2946 1005 3009 ut
1018 2938 1050 3009 si
1065 2937 1241 3030 picturam

89 3055 252 3148 aliquam
265 3057 325 3146 vel
340 3064 497 3128 statuam
507 3057 673 3130 vidisset!
688 3083 706 3126 r>
724 3059 862 3138 Quanto
880 3053 1117 3140 aliterGraeci,
1130 3073 1241 3145 quum

90 3171 307 3245 Plutarchus
320 3173 476 3265 equales
491 3195 574 3244 suos
585 3173 823 3265 reprehendit,
839 3170 901 3264 qui
911 3170 1054 3242 tabulas
1065 3169 1242 3262 signaque

88 3288 237 3380 longius
252 3289 510 3383 curiosiusque,
520 3312 630 3385 quam
639 3291 798 3382 ipsorum
806 3290 966 3360 animum
977 3289 1239 3358 scrutarentur!

135 3405 337 3476 Fatendum
360 3413 480 3476 tamm
502 3413 558 3478 est
583 3404 774 3477 nonnullos
801 3403 914 3474 fuisse
940 3403 1002 3494 qui
1031 3422 1076 3473 ex
1102 3398 1242 3470 artibus

86 3541 216 3592 veram
227 3521 476 3613 sinceramque
491 3523 712 3613 voluptatem
730 3519 919 3592 ducebant.
939 3521 1035 3588 Inter
1048 3536 1138 3608 quos
1154 3533 1244 3585 sane

86 3640 232 3711 Nonius
264 3639 405 3712 Vindex
440 3639 733 3712 annumerandus
769 3645 837 3722 est,
871 3639 974 3729 cujus
1007 3632 1244 3705 subtilitatem

85 3754 448 3847 urbanissimumque
477 3755 637 3826 animum
667 3753 803 3844 Statius
844 3751 1088 3841 Martialisque
1118 3747 1244 3822 lauda·

87 3879 239 3942 verunt.
259 3872 348 3943 Julii
370 3871 530 3942 Vindicis
552 3870 651 3941 illius
673 3869 793 3940 affinis
818 3875 908 3953 erat,
933 3867 996 3959 qui
1024 3864 1200 3957 originem
1224 3883 1244 3933 e

87 3987 212 4058 Gallia
227 3989 347 4071 duxit;
365 3988 417 4059 ita
434 3997 475 4058 ut
495 3989 570 4060 fere
589 3987 745 4062 Gallicus
774 3985 821 4056 sit
841 3982 987 4054 inclitus
1009 3981 1071 4052 ille
1089 3977 1246 4070 antiqui-

88 4105 179 4175 tatis
195 4114 347 4188 amator,
371 4105 506 4197 dignus
524 4124 613 4176 sane
635 4102 787 4195 posteris
811 4099 887 4171 suis
910 4095 1152 4192 popularibus,
1183 4094 1245 4186 qui

121 4294 158 4357 (l)
175 4291 250 4345 piat.
266 4295 322 4354 Ort,
337 4291 368 4344 X.
