3154 4970
747 402 907 463 ...24-

244 556 401 644 ferveat,
420 577 505 628 nam
524 558 682 630 naturali
702 559 821 629 studio
836 559 1066 652 ingenuoque
1084 560 1209 629 favore
1225 577 1268 630 ea
1284 578 1403 650 01011-

250 673 383 765 quitur,
409 693 631 765 quaeouuque
659 674 817 764 attingit.
850 675 1023 756 Quamvis
1048 677 1126 766 ejus
1151 696 1253 747 mens
1282 675 1401 766 potius

252 812 358 881 quam
381 798 506 883 pectus
535 790 709 883 capiatur,
739 813 811 861 non
845 800 965 863 tamen
998 791 1142 861 omuino
1172 793 1292 862 100111
1325 798 1402 861 1111

251 907 460 978 1010111111.
488 910 620 978 Furore
648 909 744 978 enim
771 908 832 979 illo
860 907 1004 980 incendi
1036 906 1143 992 solet,
1180 928 1250 999 quo
1281 906 1402 975 omnia

252 1023 474 1115 amplificant
497 1032 533 1094 et
559 1032 693 1114 augent
715 1024 922 1094 meridiana
948 1023 1107 1116 regionis
1130 1022 1228 1093 illius
1259 1022 1399 1105 incolae,

249 1139 353 1230 quasi
377 1139 444 1209 sub
464 1139 666 1232 splendenti
686 1139 767 1226 sole
787 1139 906 1210 omnia
926 1143 1095 1232 majorem
1122 1137 1280 1232 speciem
1308 1157 1399 1232 0111-

251 1255 371 1327 beant.

294 1372 331 1442 Si
361 1373 464 1463 cujus
496 1371 604 1443 funus
639 1371 810 1464 deplorat,
847 1373 946 1464 jures
979 1393 1061 1444 eum
1092 1373 1210 1465 ipsum
1246 1372 1401 1466 propriis

251 1489 347 1560 natis
362 1487 493 1573 orbari,
510 1495 611 1559 tanto
638 1508 789 1559 moerore
813 1487 997 1581 tantisque
1012 1487 1157 1559 fletibus
1174 1508 1258 1559 aera
1275 1509 1403 1581 percu-

250 1605 305 1689 tit,
323 1603 435 1674 tantis
455 1604 611 1674 motibus
631 1605 803 1695 agitatur,
823 1611 923 1674 tanto
939 1605 1087 1695 ejulatu,
1110 1613 1210 1675 tanto
1227 1604 1401 1696 singultu,

251 1729 349 1790 tanto
371 1721 517 1790 fremitu
536 1727 652 1805 sonat,
673 1721 883 1809 interrogat,
909 1720 1098 1808 exclamat,
1124 1721 1287 1792 homines
1306 1743 1404 1791 com-

253 1836 376 1929 pellat,
396 1836 481 1907 deos
498 1834 703 1926 alloquitur,
720 1836 900 1907 inanimas
916 1857 974 1907 res
989 1836 1168 1928 implorat,
1192 1847 1276 1916 πάθος
1305 1837 1402 1907 omni

251 1952 353 2022 modo
367 1960 529 2044 usurpat.

296 2067 443 2138 Minime
475 2068 571 2138 enim
605 2069 741 2139 Statius
771 2070 922 2139 afflictos
962 2077 1222 2159 moerentesque
1259 2070 1402 2162 placare

252 2185 461 2276 aggreditur
466 2207 476 2271 3
494 2192 701 2257 caeterorum
717 2185 872 2258 dolorem
888 2185 1085 2278 splendidis
1099 2185 1401 2275 tumultuosisque

251 2301 418 2372 versibus
445 2302 618 2372 imitatur.
645 2305 770 2392 Itaque
793 2323 864 2371 nou
892 2301 998 2385 dolet,
1029 2301 1091 2372 sed
1113 2301 1305 2391 singultat3
1327 2322 1400 2372 non

252 2425 388 2504 moeret,
407 2417 469 2488 sed
483 2417 655 2489 comitiali
671 2418 824 2509 quodam
839 2417 926 2487 vitio
945 2418 1049 2510 quasi
1064 2417 1263 2510 corripitur.

294 2533 448 2626 Adspice
472 2533 626 2604 Melioris
647 2534 839 2604 delicatum
854 2535 892 2604 in
906 2555 992 2625 rogo
1005 2537 1187 2626 jacentem
1205 2557 1212 2602 :
1235 2533 1399 2625 abruptis

253 2650 357 2722 venis
378 2649 513 2720 vulnus
539 2649 627 2736 hiat,
660 2659 757 2742 patet
786 2650 924 2720 lubrica
952 2650 1072 2742 plaga,
1101 2650 1224 2720 Melior
1256 2650 1399 2740 tigridis

258 2767 386 2837 similis
416 2776 483 2853 est,
507 2767 568 2859 qui
592 2768 678 2837 furit
702 2766 839 2836 abactis
862 2766 1011 2853 letibus;
1037 2766 1177 2836 admoto
1199 2774 1310 2851 tactu,
1326 2785 1400 2836 non

251 2891 410 2974 gemunt,
429 2883 491 2953 sed
506 2884 639 2953 latrant
657 2883 848 2976 praecordia
870 2883 928 2971 (ll,
950 2902 975 2964 1,
999 2882 1068 2973 13).
1092 2884 1172 2973 1010
1196 2891 1300 2954 vales
1321 2881 1395 2973 plo-

252 3009 320 3086 rat,
344 2998 538 3089 tristesque
553 2997 670 3068 liturae
689 2997 728 3068 in
750 2997 861 3068 verba
883 2998 1018 3088 scripta
1039 3018 1083 3069 ex
1111 2998 1224 3069 oculis
1252 2997 1398 3069 cadunt.

251 3116 408 3186 Glauciae
432 3135 526 3200 mors
553 3113 670 3184 scelus
691 3122 765 3199 est;
796 3113 920 3184 Melior
947 3133 1048 3205 paene
1068 3115 1161 3184 iuter
1175 3115 1338 3184 flammas
1359 3133 1398 3184 11

250 3232 405 3325 projicit,
424 3230 572 3321 ignique
603 3251 687 3300 suas
715 3229 862 3300 divitias
881 3228 1001 3316 offert3
1022 3230 1124 3300 fusus
1145 3228 1256 3317 humi,
1283 3231 1400 3302 lucem

249 3355 451 3431 aversatus,
479 3346 633 3417 cadaver
661 3346 790 3437 premit
816 3354 852 3416 et
880 3346 1063 3416 osculatur
1093 3364 1101 3415 :
1132 3347 1201 3438 ipsi
1231 3354 1402 3439 stupuere

248 3474 429 3558 parentes.
460 3463 566 3534 Haud
599 3462 702 3533 aliter
730 3464 867 3532 Statius
893 3462 1092 3533 Priscillam
1115 3483 1177 3554 pro
1197 3462 1401 3533 Abascanto

250 3583 356 3656 deflet
382 3605 388 3650 :
415 3581 547 3671 conjux
568 3587 690 3650 vestes
711 3578 855 3665 scindit,
876 3578 1027 3649 famulos
1047 3578 1172 3664 lassat,
1188 3578 1401 3671 templorum

249 3700 375 3771 limina
396 3705 537 3788 pectore
562 3703 690 3784 terget,
717 3702 830 3765 semet
851 3714 980 3765 necare
1000 3701 1127 3781 tentat,
1153 3694 1401 3786 defunctasque

250 3813 428 3885 tumulum
464 3810 703 3905 splendidum,
739 3831 833 3897 aras,
869 3809 1055 3902 templum,
1091 3818 1243 3896 statuas,
1274 3810 1400 3902 epulas

251 3931 371 4002 dicare
388 3929 507 4021 gestit.

293 4049 377 4128 Quae
398 4046 517 4115 omnia
532 4044 649 4135 magis
665 4043 889 4112 tumultuosa
909 4051 1006 4129 sunt,
1025 4064 1136 4134 quam
1146 4051 1186 4113 ut
1203 4063 1291 4112 vera
1307 4042 1393 4112 sint.

250 4163 444 4233 Veritatem
466 4160 587 4230 nimiis
614 4158 833 4251 singultibus
858 4158 1050 4250 egreditur,
1079 4159 1182 4249 quasi
1202 4158 1398 4229 0111111111-

251 4287 346 4370 geat,
365 4277 481 4368 gentis
505 4277 602 4347 illius
625 4296 733 4361 more,
755 4274 850 4366 apud
863 4298 984 4367 quam,
1001 4275 1038 4344 in
1058 4274 1194 4345 Gallica
1208 4275 1398 4344 Provincia
