3154 4970
725 827 860 890 CAPUT
889 827 918 889 11

251 1046 352 1128 Quae
375 1041 493 1114 ¹varia
515 1047 560 1112 in
583 1043 839 1112 carminibus
864 1045 956 1111 suis
977 1035 1229 1112 ¹recordatus
1252 1041 1394 1133 merit.

290 1319 454 1391 Vidimus
470 1320 643 1412 quomodo
659 1320 795 1391 Statius
818 1319 1064 1392 observaverit
1086 1340 1167 1411 quae
1190 1317 1259 1390 sub
1283 1316 1397 1387 oculis

242 1437 404 1527 jacentia
423 1439 500 1529 ejus
515 1436 674 1508 animum
689 1437 931 1529 pelliciebant.

291 1554 421 1625 Mirum
443 1563 498 1625 est
517 1562 690 1647 quantum
719 1577 741 1627 a
762 1575 800 1626 se
819 1555 897 1648 ipso
916 1535 1077 1627 mutatus
1101 1560 1284 1648 appareat,
1314 1572 1397 1621 cum

246 1670 426 1763 praeterita
440 1670 498 1741 vel
518 1671 727 1763 longinqua,
748 1693 815 1743 neo
830 1673 906 1764 jam
921 1673 1122 1765 praeseutia,
1145 1669 1306 1763 attingit.

291 1787 328 1857 Si
344 1786 489 1878 quidem
502 1807 557 1872 ea,
577 1809 657 1878 quae
674 1788 786 1858 oculis
804 1797 998 1870 scrutatur,
1029 1789 1152 1860 vivide
1175 1787 1294 1860 reddit
1317 1786 1398 1879 pin-

247 1904 383 1997 gitque,
407 1913 531 1974 contra
544 1904 653 1995 friget
667 1905 952 1998 languescitque‚
969 1907 1054 1977 dum
1069 1906 1241 1978 memoria
1254 1904 1396 1998 repetit,

245 2042 467 2112 quaecunque
483 2019 568 2091 olim
605 2022 781 2093 didicerit.
814 2026 971 2095 Necesse
989 2032 1044 2094 est
1064 2044 1122 2094 res
1145 2022 1336 2116 adspiciat,
1357 2030 1398 2092 ut

246 2157 307 2210 eas
323 2138 396 2208 acri
415 2146 451 2209 et
465 2159 550 2210 vero
570 2159 732 2209 sermone
748 2140 935 2233 exprimat.
956 2143 1041 2220 Quae
1060 2139 1230 2232 temporis
1258 2146 1321 2209 aut
1343 2138 1396 2207 lo·

245 2275 366 2326 corum
384 2255 540 2347 spatium
553 2255 659 2346 longe
674 2255 834 2343 distinet,
856 2277 898 2328 ea
914 2256 1059 2328 incertis
1079 2277 1120 2326 ac
1135 2255 1255 2326 dubiis
1280 2253 1392 2324 oculis

244 2371 427 2465 prospicit,
450 2373 555 2463 quasi
572 2371 705 2443 nebula
719 2373 873 2465 quadam
891 2372 1136 2444 involvantur.
1202 2351 1203 2358 ἵ

288 2488 503 2560 Incredibile
527 2497 593 2577 ost,
614 2497 700 2582 quot
717 2511 836 2561 rerum
861 2491 998 2560 Statius
1020 2489 1236 2575 meminerit,
1261 2487 1394 2581 quippe

243 2605 306 2696 qui
320 2604 412 2676 sciat
431 2613 466 2676 et
486 2605 632 2676 assidue
657 2614 785 2677 tractet
804 2605 951 2676 deorum
965 2606 1119 2692 fabulas,
1134 2615 1170 2677 et
1185 2626 1303 2675 rerum
1317 2603 1395 2674 his-

241 2719 364 2810 torias,
389 2731 425 2794 et
446 2730 623 2794 terrarum
644 2730 893 2812 astrorumque
913 2722 1203 2815 descriptionem,
1221 2730 1257 2794 et
1275 2721 1396 2791 omnia

240 2860 321 2931 quae
331 2838 566 2932 grandiloqua
575 2860 776 2930 canoraque
785 2838 1019 2930 verbapoctis
1027 2839 1255 2932 suppeditare
1264 2838 1392 2909 solent.

238 2956 345 3028 Haud
360 2955 463 3028 aliter
478 2957 593 3050 pictor
605 2956 753 3048 quidam
769 2955 886 3025 omnis
904 2956 1047 3046 generis
1063 2955 1198 3026 colores
1214 2955 1253 3024 in
1263 2975 1396 3048 capsu-

239 3073 285 3144 lis
308 3081 500 3167 praeparat,
528 3073 625 3145 unde
654 3073 778 3143 tabula
805 3072 995 3143 ditissimis
1021 3073 1172 3165 picturis
1200 3071 1393 3163 lucidaque

242 3189 417 3262 varietate
430 3189 690 3282 splendidoque
707 3188 823 3259 nitore
843 3189 995 3280 fulgeat.
1008 3191 1121 3268 Quam
1136 3210 1305 3281 magnam
1320 3186 1397 3257 siu-

242 3306 477 3399 gularemque
507 3308 705 3378 doctrinam
738 3305 874 3376 Statius
903 3326 924 3375 a
957 3314 1059 3396 patre
1083 3304 1231 3397 recepit,
1257 3304 1395 3395 dequo

244 3422 331 3495 dicit
353 3447 360 3494 :

624 3567 809 3650 Primusque
823 3565 933 3628 dedisti

526 3677 598 3742 Non
611 3676 740 3759 vulgare
752 3676 850 3758 loqui.

573 3795 575 3802 ·
995 3753 1057 3838 (8.,
1070 3756 1109 3833 V,
1125 3772 1171 3832 ιιι,
1187 3751 1274 3834 ute.)

291 3941 398 4011 Pater
414 3957 558 4031 operam
577 3958 650 4007 non
663 3935 831 4029 perdidit,
854 3936 886 4006 si
901 3935 947 4006 ad
961 3935 1174 4006 immensam
1193 3933 1258 4004 filii
1280 3931 1398 4005 erudi-

248 4056 383 4127 tionem
398 4062 553 4147 spectas.

293 4175 405 4254 Quam
426 4169 674 4242 incredibilem
698 4170 906 4242 memoriam
936 4167 1079 4239 cumin
1114 4166 1211 4238 omni
1237 4165 1397 4237 soientiae

250 4310 382 4379 genere
411 4285 623 4370 exercuerit,
665 4287 776 4378 primo
804 4285 907 4359 nobis
940 4281 1297 4354 animadvertendum
1326 4287 1396 4367 eet,
