3154 4970
635 462 638 467 ,
753 371 912 449 -ll-

259 565 347 614 sonu
364 545 488 617 vivida
511 555 581 619 stet
600 569 642 618 ac
661 567 748 620 vere
766 545 997 638 depingatur.
1019 549 1158 632 Nonne,
1179 553 1221 616 ut
1242 545 1409 637 exemplo

258 667 353 745 utar,
372 661 486 732 fossor
499 663 557 733 hic
574 647 687 734 oculis
701 663 797 734 clare
814 683 894 735 sese
912 655 1068 735 ostendit
1085 687 1092 732 :

380 831 518 896 Pallidus
532 833 633 895 fossor
644 833 734 910 redit,
750 840 898 915 erutoque
1167 869 1170 874 ·

521 939 671 1003 Concolor
685 958 760 1003 auro
775 939 831 1023 (1).
1005 936 1067 1021 (S,
1084 941 1136 1014 IV,
1152 957 1206 1015 vn,
1225 937 1286 1021 15.)

305 1116 419 1195 Quam
433 1115 537 1187 docte
550 1137 608 1188 res
619 1097 833 1210 perspicere,
856 1124 1133 1210 perspectasque
1147 1115 1412 1205 redderentque

260 1227 396 1300 imitari
416 1231 506 1301 scit!
531 1218 679 1320 Quodsi
695 1214 963 1325 Appiam'viem
985 1255 1006 1303 a
1022 1232 1222 1302 Domitiano
1235 1230 1411 1301 munitam

261 1366 341 1417 esse
362 1356 498 1430 narrat,
518 1359 638 1420 nonne
659 1357 763 1442 putes
781 1349 942 1420 Statium
965 1349 1059 1421 inter
1085 1347 1264 1441 operarios
1283 1347 1411 1433 fuisse,

261 1482 373 1552 quum
388 1462 433 1534 de
447 1463 588 1535 viarum
604 1464 805 1536 munitione
819 1472 920 1535 tanta
936 1464 1086 1535 scicntia
1100 1463 1266 1551 disseret,
1277 1473 1319 1533 ut
1332 1463 1412 1556 ipse

260 1577 484 1650 machinator
508 1580 621 1653 luisse
641 1581 808 1652 videatur
834 1581 903 1670 (IV,
929 1601 981 1664 111,
1009 1582 1083 1673 40),
1103 1580 1227 1651 Sulcos
1251 1579 1410 1668 inchoat,

259 1695 331 1765 alto
363 1687 489 1786 egestu
523 1697 667 1790 penitus
702 1707 806 1769 cavat
835 1695 962 1780 terras,
1001 1697 1120 1768 omnia
1152 1695 1332 1789 componit
1363 1718 1411 1769 ne

259 1818 389 1882 nutent
411 1813 501 1898 sola,
520 1809 567 1883 ne
590 1813 751 1904 maligna
774 1814 877 1884 sedes
903 1814 962 1885 det
982 1813 1116 1906 pressis
1139 1814 1239 1883 saxis
1262 1813 1412 1885 dubium

259 1927 379 1999 cubile
398 1953 405 1998 :
427 1949 509 2000 eum
529 1930 567 2000 in
583 1930 653 2000 viis
668 1930 875 2002 muniendis
892 1931 1094 2022 praecellere
1109 1930 1221 2000 dicas.
1266 1935 1271 1950 ’
1356 1943 1358 1950 “

304 2039 562 2116 Communibus
588 2045 811 2138 plebeiisque
830 2046 983 2116 vocibus
1002 2046 1056 2116 uti
1081 2053 1154 2115 non
1178 2045 1408 2136 dedignatus,

260 2175 330 2251 quo
363 2160 523 2231 strictius
559 2162 774 2233 sententiam
812 2184 914 2233 suam
950 2160 1126 2248 definiret,
1158 2161 1322 2253 singulas
1351 2183 1411 2232 res

260 2275 529 2363 animadvertit,
548 2277 633 2348 dum
643 2275 874 2370 imperatorie
889 2279 1029 2370 sparsio
1042 2278 1081 2346 in
1090 2276 1233 2371 plebem
1247 2277 1409 2370 pluebat,

261 2415 279 2458 c
304 2391 430 2464 molles
454 2393 615 2464 caseolos
637 2393 932 2485 lueunculosque,
956 2403 991 2464 et
1011 2392 1141 2464 massis
1161 2393 1320 2464 amerina
1338 2416 1412 2464 non

261 2509 430 2600 perustiS,
459 2518 495 2580 et
532 2521 772 2596 mustacem,
806 2520 842 2580 et
874 2511 1013 2581 latente
1036 2510 1158 2604 palma
1183 2519 1415 2602 praegnantes

258 2625 470 2718 caryotides.
490 2651 507 2693 »
531 2627 584 2716 (S.
601 2629 629 2712 I,
646 2645 698 2712 v1,
715 2627 785 2716 lt.)

258 2743 265 2756 '
302 2743 396 2812 Dum
414 2742 460 2813 ad
481 2763 617 2812 caenam
644 2743 838 2833 quamdam
857 2741 1051 2825 accumbit,
1076 2742 1244 2834 quamvis
1265 2743 1415 2834 frugali-

258 2864 370 2928 tatem
402 2857 560 2942 simulet,
587 2858 697 2948 dapes
724 2866 845 2928 tamen
880 2868 916 2930 et
943 2866 1110 2946 numerat
1143 2867 1178 2929 et
1206 2866 1317 2940 amat,
1340 2879 1408 2930 nec

256 2973 401 3063 ignorat
413 2973 501 3066 quid
516 2973 660 3045 intersit
676 2973 769 3045 inter
783 2975 933 3045 Etruriae
951 2983 987 3045 et
1001 2975 1157 3045 Umbriae
1173 2953 1293 3067 apros,

696 3201 698 3208 ,
919 3137 1000 3214 Quid
1012 3135 1153 3200 Phasidis
1163 3136 1228 3199 ales
1337 3157 1341 3167 ·

377 3244 476 3307 Distct
489 3244 526 3306 ab
541 3243 672 3306 hiberna
683 3245 847 3326 Rhodopes
863 3263 948 3326 grue,
964 3246 1034 3326 quis
1049 3245 1150 3326 magis
1164 3263 1257 3306 anser

377 3352 453 3414 Exta
466 3351 554 3429 ferat,
571 3371 626 3414 cur
639 3353 758 3415 Tuscus
773 3372 846 3434 aper
861 3353 1039 3432 generosior
1053 3353 1181 3416 Umbro.

1005 3457 1066 3540 (8.,
1077 3462 1128 3534 lv,
1147 3480 1186 3536 vl,
1203 3466 1295 3546 Sep.)

302 3623 506 3700 Quameum
514 3622 631 3711 juvat,
648 3620 799 3691 eculine
810 3628 997 3712 excerptas
1010 3642 1118 3692 voces
1133 3623 1240 3716 longo
1252 3628 1409 3718 agmine,

258 3736 350 3805 sicut
369 3734 615 3806 lucanicarum
635 3735 759 3820 series,
779 3735 960 3806 Rabelasii
974 3738 1089 3806 nostri
1109 3739 1207 3810 illius
1221 3763 1332 3826 more,
1351 3766 1414 3815 ex-

258 3850 426 3922 tendere!
459 3854 613 3942 Accepto
639 3851 734 3921 inter
765 3852 972 3924 saturnales
997 3853 1102 3922 Plotii
1139 3857 1250 3948 Gippi
1275 3857 1411 3944 libello,

257 3969 318 4058 qui
338 3968 456 4038 risus!
475 3977 560 4059 quot
575 3989 645 4053 res,
667 3975 753 4058 quot
768 3967 890 4037 sordes
910 3977 1110 4060 percenset,
1127 3993 1217 4062 quas
1232 3976 1414 4066 accepisse

289 4195 322 4256 (l)
337 4193 370 4246 Et
383 4193 486 4246 Silius:
509 4213 522 4238 «
538 4193 638 4246 Edessa
660 4192 785 4246 ooncolor
807 4203 880 4244 auro.
904 4211 917 4236 υ
941 4193 1097 4257 (Punic.,1,
1121 4195 1187 4260 23³).
1212 4197 1340 4250 Incertum
1359 4201 1409 4262 est,

259 4274 331 4327 inter
348 4273 442 4326 sillum
456 4274 629 4338 stallumque,
643 4275 703 4326 uter
716 4274 828 4326 alterum
843 4271 961 4324 imitatus
975 4271 1019 4324 stt.
