3154 4970
602 357 763 420 ..15-

121 512 262 604 reparari
286 523 442 597 curaret,
466 516 736 607 quinquennale
757 524 939 586 certamen
958 512 1156 605 Capitolino
1175 513 1256 583 Jovi

119 628 320 714 institueret,
338 639 374 701 et
392 631 431 703 in
449 631 589 703 Albano
609 633 802 722 quotannis
826 632 995 702 Minervae
1018 631 1255 721 Quinquatria

120 744 311 818 celebraret.
352 750 492 840 Itaque,
541 771 610 839 quo
654 737 789 840 inajore
824 747 957 818 honore
1003 767 1092 837 gens
1135 746 1256 838 aliqua

119 861 303 947 fruebatur,
316 883 356 934 eo
368 865 502 936 acriore
514 865 818 956 studiofiagrabat
832 886 853 936 6
869 863 1032 956 pluribus
1048 862 1163 955 poetis
1191 883 1256 934 ex-

119 977 1256 1072 1611161166611116611611661,6116661616166616166661166161161,

118 1092 188 1163 sive
211 1093 289 1184 quis
309 1096 444 1181 obibat,
466 1097 544 1169 sive
559 1120 632 1190 qua
653 1096 841 1190 splendida
855 1096 981 1167 domus
996 1095 1253 1184 aedificabatur,

98 1252 100 1256 .
117 1209 188 1278 sive
203 1211 300 1282 lauta
315 1214 613 1305 ornatissimaque
627 1235 729 1285 coena
739 1213 901 1284 convivis
913 1211 1122 1306 ponebatur.
1139 1213 1255 1305 Igitur

114 1327 273 1416 permulti
288 1337 574 1422 poetaepotontes
584 1339 752 1423 patronos
769 1330 1055 1421 frequentabant,
1070 1329 1133 1421 qui
1150 1329 1260 1399 simul

114 1463 229 1513 omnes
239 1443 452 1536 juberentur
467 1446 612 1538 singula
626 1445 793 1518 versibus
808 1466 995 1531 exornare,
1013 1445 1147 1516 Sabelli
1157 1445 1257 1516 illius

114 1579 204 1630 more
224 1581 331 1652 quem
346 1564 519 1633 Martialis
535 1565 656 1655 attigit
673 1589 680 1633 :

346 1741 468 1804 Laudas
482 1742 591 1805 balnea
605 1743 746 1805 versibus
757 1743 902 1805 trecentis

349 1849 506 1912 Goenantis
521 1851 600 1912 bena
615 1849 747 1929 Pontici,
766 1849 896 1932 Sabelle.

345 1957 400 2020 Vis
416 1976 548 2034 coenare,
564 1957 696 2034 Sabelle,
713 1976 778 2018 non
793 1957 913 2038 lavari(
936 1957 957 2033 l.

154 2127 286 2195 Mutato
301 2125 458 2211 nomine,
480 2125 524 2198 de
543 2126 704 2198 Martiale
726 2125 846 2196 fabula
865 2126 1031 2211 habetur,
1052 2147 1192 2198 necnon
1213 2126 1257 2198 (16

112 2242 233 2329 Statio,
260 2262 301 2312 ac
328 2243 371 2314 (16
394 2243 636 2335 compluribus
659 2241 752 2328 aliis,
768 2264 919 2333 quorum
942 2243 1001 2312 vel
1023 2243 1169 2313 nomina
1188 2265 1253 2313 nos
1316 2329 1319 2336 λ

108 2379 203 2427 nunc
230 2366 457 2450 praetereunt.
490 2359 667 2448 Cogitanti
694 2359 790 2429 enim
821 2359 959 2450 quoties
992 2361 1126 2428 Statius
1158 2362 1252 2429 Mar-

107 2475 272 2565 tialisque
295 2475 338 2547 de
361 2474 490 2546 iisdem
510 2474 616 2545 rebus
636 2476 795 2546 carmina
820 2475 1041 2567 scripserint,
1066 2475 1159 2546 sicut
1184 2475 1254 2546 duo

106 2590 250 2663 athletae
279 2591 317 2661 in
347 2592 471 2664 eadem
495 2613 604 2664 arona
627 2592 721 2663 inter
753 2613 792 2664 se
821 2593 1018 2684 congressi,
1050 2601 1202 2684 apparet·
1217 2592 1256 2662 in

106 2705 285 2778 ditissima
313 2729 456 2800 quaque
483 2708 585 2778 domo
610 2708 735 2780 honori
759 2708 882 2793 fuisse,
907 2731 929 2778 a
953 2707 1117 2800 pluribus
1142 2710 1259 2800 poetis

105 2833 259 2895 eventus
296 2824 439 2896 eosdem
466 2825 650 2896 celebrari.
685 2829 776 2896 Nam
816 2825 935 2895 Stellae
969 2823 1258 2915 Violentillaeque

102 2941 264 3032 nuptias,
280 2940 401 3012 Atedii
410 2941 563 3014 Melioris
574 2962 723 3033 puerum
734 2941 953 3024 defunctum,
966 2939 1102 3011 Claudii
1113 2941 1256 3012 Etrusci

101 3065 286 3128 mortuum
316 3066 454 3149 patrem
484 3067 545 3128 aut
572 3058 841 3127 ornatissimum
872 3057 1061 3143 balneum3
1089 3057 1253 3128 Vindicis

103 3172 270 3264 sigillum
304 3184 367 3245 aut
393 3175 513 3245 Earini
551 3173 728 3246 lenocinia
766 3196 989 3265 comamque,
1025 3182 1087 3244 aut
1120 3174 1257 3244 Lucani

101 3288 359 3380 genethliacon
384 3292 517 3383 pariter
542 3291 645 3362 ambo
674 3290 847 3376 cecinere,
881 3313 949 3382 quo
978 3291 1168 3362 facundius
1204 3299 1257 3360 tot

98 3405 178 3476 illis
192 3407 375 3498 gentibue,
386 3407 546 3480 adhibito
556 3407 756 3486 carminum
766 3408 905 3489 decore,
916 3429 1052 3480 morem
1070 3417 1254 3499 gererent:

95 3543 227 3598 nonne
247 3533 368 3595 autern
387 3523 583 3595 verisimile
603 3533 669 3609 est,
686 3522 971 3594 eademlortasse
985 3524 1029 3594 ab
1051 3522 1254 3594 aliisetiam

93 3638 254 3708 laudata
282 3640 405 3724 fuisse,
436 3661 587 3732 quorum
621 3660 727 3731 opera
757 3649 897 3732 tempus
921 3640 1014 3712 edax
1038 3638 1255 3709 aboleverit?

94 3753 243 3826 Idcirco
259 3778 366 3847 quam
381 3756 485 3826 multi
499 3760 627 3849 poetae!
640 3778 719 3850 quae
733 3756 962 3847 ingeniorum
980 3754 1156 3827 varietas!
1175 3777 1255 3846 quse

92 3871 456 3964 facundiacopiaquo
467 3872 658 3944 scribendi!
671 3881 972 3944 etcumresonant
983 3870 1255 3957 GodriTheseis,

94 3995 234 4079 totque
249 3997 389 4079 togatae,
411 3997 533 4080 totque
555 3989 650 4081 elegi
671 3992 733 4082 (2),
752 3999 787 4060 et
809 4012 890 4061 cum
906 3989 1038 4061 (lanius
1058 3989 1169 4058 Rufus
1189 3987 1257 4056 im-

129 4168 169 4230 (1)
189 4169 282 4232 apia,
296 4169 340 4230 rx,
354 4171 396 4221 ro.

129 4249 170 4311 (a)
189 4251 265 4311 Juv,
282 4248 349 4310 saa,
363 4251 383 4311 t,
396 4259 414 4300 1.
