3154 4970
567 408 727 472 -67-

128 565 175 631 lta
196 563 269 634 caeli
293 564 414 636 varias
433 565 544 637 facies
563 565 706 659 dieique
720 565 821 638 varia
838 572 1016 657 tempora,
1038 565 1224 648 stellarum

88 677 216 768 lapsum
241 680 420 772 spatiique
438 689 590 764 meatus,
608 682 761 773 denique
781 681 954 771 quidquid
975 703 1020 752 ex
1049 691 1225 752 astrorum

90 794 227 865 scientia
247 797 456 888 accipimus,
477 797 612 868 Statius
632 797 671 867 in
690 819 849 867 amoenas
863 796 1120 868 translationes
1135 806 1171 869 et
1186 800 1225 867 in

89 911 229 982 subtiles
253 922 472 1007 argutasquc
495 917 630 1006 figuras
658 913 878 1004 lepidissime
900 914 1010 985 vertit
1040 931 1048 983 :
1076 913 1164 985 felix
1193 913 1226 984 si
1355 1007 1358 1012 ,

89 1027 213 1098 sentire
233 1035 340 1120 atque
359 1030 557 1122 exprimere
580 1029 767 1117 valuisset,
792 1029 878 1120 quid
897 1029 1019 1120 magni
1035 1030 1223 1101 terribilis·

86 1163 151 1234 que
168 1144 203 1214 in
219 1145 285 1216 hoc
299 1154 429 1216 aeterno
448 1146 657 1238 ingentique
677 1146 878 1238 spectaculo
905 1145 1024 1217 inesse
1044 1147 1224 1233 videatur,

87 1259 167 1328 dum
194 1282 301 1353 supra
322 1283 388 1332 nos
412 1263 545 1333 micant
568 1262 652 1332 solis
680 1262 784 1350 radii,
810 1262 869 1333 vel
896 1261 1011 1352 fulget
1030 1262 1225 1333 obscurum

87 1377 219 1460 coelum,
237 1377 350 1449 stellis
363 1379 570 1450 ardentibus
586 1384 728 1470 aptum!

126 1496 202 1562 Non
222 1495 337 1564 solnm
363 1504 526 1566 veterum
549 1494 776 1565 historiarum
800 1493 936 1565 Statius
958 1494 1136 1583 meminit,
1166 1495 1228 1568 sed

86 1631 160 1698 quae
178 1610 287 1680 ceteri
298 1619 405 1682 antea
420 1611 625 1703 scripserint
639 1632 711 1681 non
729 1610 965 1680 obliviscitur.

127 1728 255 1795 Notum
272 1735 339 1812 est,
357 1748 466 1818 quam
481 1728 625 1799 assidue
643 1727 747 1797 Statii
761 1727 916 1817 aequales
935 1734 1098 1798 veterum
1122 1747 1229 1818 opera

86 1839 213 1911 imitati
228 1842 313 1914 sint.
326 1845 458 1914 Omnes
472 1845 568 1914 enirn
583 1843 621 1913 in
634 1844 746 1914 verba
758 1842 1093 1934 Vergilii,Nasonis,
1109 1844 1229 1913 Catul-

86 1957 156 2028 live
176 1960 323 2048 jurant3
352 1970 445 2030 retro
466 1961 597 2030 intueri
620 1959 796 2044 videntur,
819 1960 904 2030 dum
924 1960 1096 2030 scribunt.
1122 1963 1226 2042 Nam,

86 2073 114 2141 si
132 2073 246 2144 Plinio
259 2073 397 2145 Juniori
407 2078 550 2147 credere
563 2075 713 2166 dignum
728 2084 794 2161 est,
812 2075 961 2145 Erucius
979 2076 1229 2147 «facitversns

86 2189 207 2280 quales
225 2190 384 2260 Catullus
400 2200 462 2261 aut
476 2192 663 2273 Calvus...;
676 2191 801 2261 inserit
820 2212 918 2276 sane,
931 2191 994 2260 sed
1012 2191 1095 2261 data
1109 2209 1229 2283 opera,

86 2305 253 2375 mollibus
278 2306 491 2400 lenibusque
512 2306 735 2377 duriusculos
754 2306 940 2397 quosdam,
968 2315 1003 2376 et
1021 2307 1100 2390 hoc,
1127 2308 1230 2398 quasi

86 2421 247 2491 Catullus
270 2431 332 2492 aut
352 2423 482 2493 Calvus
502 2448 519 2492 a
542 2423 686 2515 (Epist,
707 2426 734 2508 I,
757 2423 831 2513 16);
855 2442 922 2494 nec
945 2422 1065 2492 minus
1085 2423 1230 2493 Sentius

86 2536 309 2626 Augurinus,
325 2538 409 2608 dum
425 2560 490 2608 sua
512 2567 527 2601 α
549 2539 725 2630 poematia
745 2563 777 2625 o,
795 2539 886 2608 sicut
897 2560 973 2608 mos
990 2546 1079 2626 erat,
1089 2539 1232 2631 profuse

86 2653 270 2740 condebat,
293 2675 439 2725 suorum
458 2656 657 2725 carminum
683 2662 844 2727 auctores
864 2651 1032 2724 laudibus
1057 2675 1232 2746 exseque-

86 2778 187 2839 oatur
204 2793 214 2842 :

304 2968 400 3031 Canto
416 2969 553 3032 carmina
566 2969 707 3032 versibus
720 2968 860 3048 minutis,

304 3076 369 3155 His,
386 3076 461 3139 olim
476 3076 589 3158 quibus
602 3084 633 3138 at
645 3095 735 3139 meus
750 3074 890 3139 Catullus

301 3183 340 3244 Et
354 3183 466 3247 Calvus
480 3191 673 3266 veteresque.

672 3291 767 3372 (rna.
782 3292 866 3364 lun„
883 3285 960 3371 Ep„
977 3287 1030 3367 IV,
1046 3290 1111 3372 27.)
1228 3241 1231 3262 Ι
1261 3285 1263 3294 ’

118 3557 177 3625 Ita
199 3577 343 3650 nempe,
367 3558 398 3629 si
426 3559 555 3630 saltem
579 3557 843 3628 «menendici
865 3563 970 3649 poeta
994 3555 1055 3628 ille
1076 3566 1229 3648 poterat,

86 3693 188 3761 [uem
212 3675 376 3746 sexcenti
404 3675 466 3747 alii
488 3676 608 3747 lavore
624 3681 731 3766 atquc
744 3672 944 3743 imitatione
965 3693 1031 3742 sua
1046 3672 1230 3745 fovebant.

86 3789 171 3867 >uid
198 3790 245 3862 de
265 3794 436 3864 Passieno
455 3793 577 3879 Paulo,
599 3791 685 3862 dum
707 3790 827 3881 elegos
852 3791 904 3858 ita
928 3787 1064 3875 scribit,
1085 3799 1125 3859 ut
1149 3812 1231 3862 eum

86 3907 255 3997 'ropertii
276 3910 492 4003 municipem
511 3929 592 3982 esse
610 3905 946 3999 liqueattsba'd.,VI,
960 3907 1023 3997 lb)
1039 3925 1049 3992 ;
1065 3926 1151 3976 nam
1163 3931 1181 3976 c
1193 3908 1232 3979 in

86 4022 188 4092 teris
213 4034 356 4098 veteres
380 4027 582 4112 aemulatur,
600 4023 782 4116 exprimit,
805 4021 933 4107 reddit,
950 4023 1173 4113 Propertium
1193 4027 1231 4097 in
1259 4053 1261 4059 ’

85 4139 198 4208 rimis
215 4163 254 4233 »3
276 4164 430 4227 necnon,
448 4142 590 4234 quando
611 4142 655 4212 ad
679 4139 795 4232 lyrica
814 4139 984 4220 deflectit,
1007 4161 1024 4202 (ι
1044 4143 1231 4214 Horatium

86 4255 214 4348 :lingit
232 4285 249 4328 »
276 4260 393 4351 (lata,
410 4264 472 4346 IX,
489 4261 559 4350 22).
577 4263 669 4340 Quos
687 4265 828 4327 veteres
843 4254 1016 4324 Martialis
1030 4247 1108 4346 ipse
1123 4281 1230 4330 accu-
