3154 4970
590 379 757 451 -17-Δ

111 543 224 612 Parum
243 547 358 623 curat,
383 560 455 631 qua
480 539 618 610 ratione
637 538 799 610 homines
815 539 908 611 inter
931 560 970 611 se
991 541 1161 632 privatim
1180 542 1242 613 de-

112 675 185 745 gere
210 655 347 728 soleant
373 674 380 726 :
403 675 475 727 non
501 663 574 725 tam
594 654 754 726 curiosus
778 663 845 742 est,
870 676 979 747 quam
1003 661 1043 726 ut
1068 677 1110 728 ea
1128 667 1240 742 curet,

111 771 234 862 <1uaead
249 771 386 843 alienos
401 791 475 843 non
488 771 668 864 pertinere
687 770 829 843 debent.

149 891 215 968 Qua
240 888 452 980 ignoscendi
480 888 652 959 facilitate
680 889 816 959 Statius
843 887 948 959 nobis
978 896 1128 982 apparet
1149 889 1242 959 sicut

110 1004 191 1076 lonis
204 1004 585 1097 quidamlestivusque
599 1011 814 1089 assentator,
831 1003 935 1075 dorso
948 1004 1078 1078 leniter
1096 1005 1241 1088 inficite,

109 1120 240 1193 assidue
259 1120 460 1203 subridens,
482 1141 552 1211 quo
571 1119 711 1190 dulcius
735 1119 888 1191 mellitas
902 1113 1097 1192 blanditias
1119 1141 1242 1194 susur-

107 1236 343 1328 caudamque
380 1257 421 1308 eo
454 1235 611 1327 corporis
629 1235 786 1319 babitu,
825 1257 933 1328 quem
959 1234 1048 1328 ipse,
1084 1236 1242 1330 seipsum

105 1351 201 1444 quasi
214 1352 388 1437 imitatae,
409 1352 532 1424 vivide
547 1351 735 1444 descripsit
753 1371 760 1422 :

182 1597 251 1613 ......
256 1549 400 1613 Postibus
415 1549 538 1613 haerens

177 1656 339 1734 Assiduus,
356 1675 440 1720 nuno
454 1675 527 1718 aure
538 1655 624 1737 vigil,
640 1675 723 1716 nunc
738 1655 868 1732 lumine,
883 1662 993 1718 cuncta

178 1766 332 1846 Aucupor.

810 1841 919 1922 (situ,
936 1844 961 1918 I,
976 1861 1019 1915 ιν,
1036 1845 1120 1925 ltu.)

145 2029 240 2110 Quod
269 2029 300 2100 si
328 2050 411 2099 suos
444 2037 624 2119 patronos,
659 2028 807 2098 Metium
839 2027 1009 2112 Celerem,
1045 2030 1241 2100 Maximum

100 2146 257 2230 iunium,
285 2146 441 2217 Nonium
467 2145 655 2215 Vindicem
685 2151 893 2232 ceterosque
917 2144 969 2213 ita
994 2143 1128 2229 laudat,
1156 2147 1243 2239 quid

100 2269 219 2332 autem
253 2282 334 2330 cum
368 2260 412 2336 dc
439 2260 599 2330 omnium
628 2258 859 2351 amplissimo,
890 2258 1027 2330 scilicet
1057 2259 1101 2330 de
1128 2262 1243 2354 impe-

99 2385 227 2463 ratore,
258 2376 400 2468 agitur?
427 2379 516 2447 Tum
546 2375 642 2446 enim
669 2396 741 2444 non
769 2373 848 2444 fieri
875 2382 1005 2465 potest,
1032 2383 1074 2446 ut
1099 2376 1243 2466 longius

97 2491 292 2584 procedant
309 2490 479 2574 adulatio
497 2490 760 2584 impudensque
781 2489 1009 2560 mendacium
1027 2492 1087 2562 vel
1105 2492 1243 2583 prolixa

95 2627 153 2678 res
174 2606 398 2699 imaginandi
418 2606 645 2698 augendique
664 2605 842 2678 facultas:
865 2627 957 2696 quas
981 2607 1244 2681 aasentationes

93 2723 198 2810 alter,
235 2744 277 2794 ac
308 2723 547 2806 Domitianus,
587 2721 862 2815 procacissimus
889 2721 1050 2814 injurias
1084 2725 1239 2816 prolecto

92 2839 294 2912 habuisset.
312 2841 421 2930 Cujus
436 2838 629 2909 delicatum
651 2838 822 2908 Earinum
841 2859 862 2908 a
881 2841 984 2923 Jove,
1006 2841 1198 2925 adunone,
1219 2864 1241 2912 a

90 2961 246 3042 Vencrc,
267 2955 313 3028 ab
332 2955 428 3025 omni
442 2955 594 3046 Olympo
614 2954 753 3047 protegi
768 2955 961 3025 docemur:
984 2955 1123 3027 felicem
1139 2956 1242 3029 vide-

88 3072 176 3144 licet
193 3093 358 3166 puerum,
379 3091 486 3163 quem
507 3069 771 3161 «imperatoria
787 3095 819 3153 a,
847 3069 980 3142 nedum
998 3072 1175 3162 vulgaria
1201 3073 1243 3142 li-

90 3187 179 3258 bido
195 3191 366 3260 mancat!
730 3253 731 3256 ,

132 3303 191 3376 Ad
211 3303 403 3376 Domitiani
422 3322 585 3374 mcnsam
604 3323 771 3395 pransus,
788 3301 962 3394 quomodo
980 3303 1115 3374 Statius
1133 3304 1242 3377 vehe-

84 3427 233 3494 mentes
256 3419 502 3510 violentosque
529 3419 639 3490 animi
667 3419 723 3488 sui
748 3427 867 3490 motus
893 3419 1127 3510 comprimat?
1157 3421 1242 3501 Quis

82 3538 210 3607 furor!
236 3539 320 3618 Quae
342 3535 491 3628 gaudia!
516 3536 582 3616 Qui
605 3555 689 3606 eum
712 3534 758 3604 ad
781 3535 919 3605 coenam
942 3534 1130 3622 vocabant,
1152 3539 1243 3608 Her·

82 3653 192 3724 culo!
224 3674 298 3723 non
316 3653 498 3743 ingratum
518 3651 752 3743 adjuvabant.
773 3653 866 3720 Dum
885 3651 1078 3743 imperator
1096 3651 1242 3739 incedit,

79 3789 210 3840 nonne
227 3777 329 3861 putes
344 3773 492 3839 Martem·
505 3767 623 3860 ipsum
639 3774 701 3837 aut
715 3766 893 3838 Pollucem
909 3776 972 3837 aut
986 3766 1166 3839 Bacchum
1181 3778 1243 3840 aut

77 3885 243 3958 Alciden
252 3882 530 3966 tevideretouid
540 3882 800 3974 igiturmirum‚
812 3882 1082 3975 siStatiusipsa
1092 3884 1244 3976 impera·

75 4013 161 4074 tore
179 4008 386 4094 conspecte,
398 3999 496 4071 exiis
511 3999 702 4091 quemdam
716 4020 754 4071 se
766 4006 927 4092 spectare
942 3999 1148 4070 crediderit?
1162 4003 1242 4072 Non

74 4129 215 4190 tamen
236 4116 431 4210 periculum
460 4123 582 4187 estut
609 4116 773 4187 cumdem
802 4136 957 4188 errorem
985 4117 1029 4186 de
1048 4116 1244 4188 Domitiani

76 4235 198 4306 vultu
222 4233 434 4324 habituque,
465 4232 634 4325 adspecta
658 4233 736 4324 ejus
760 4239 880 4303 statua
908 4232 946 4302 in
976 4232 1103 4324 gallico
1122 4240 1243 4304 nostro

1118 4368 1133 4415 a
