3154 4970
568 398 727 462 ..61-

90 555 177 646 lpud
204 557 368 649 antiquos
396 559 585 652 praecipue,
616 580 697 630 cum
730 566 906 630 terrarum
939 559 1061 630 orbem
1093 571 1228 651 parum

90 672 372 762 exploravissont
389 697 473 746 cum
487 677 559 750 iere
583 697 707 748 omnes
729 675 935 768 longinquae
958 675 1124 767 regiones
1149 696 1222 745 non

90 789 191 860 ninus
209 812 318 882 quam
338 814 356 858 «
371 792 556 863 fabulosus
571 793 797 887 Hydaspes»
818 792 988 864 fabulosae
1007 800 1139 879 essent,
1157 790 1222 861 ali-

89 905 157 996 [uid
168 907 295 999 poetici
306 929 325 980 e
337 909 587 1001 geographicis
602 909 801 1004 disciplinis
816 910 1055 982 exoriebatur.
1068 911 1088 978 J
1090 911 1221 1000 amjam

89 1021 196 1107 traci,
209 1023 268 1095 vel
278 1024 317 1094 in
327 1025 480 1098 scenicis
490 1026 623 1097 sabulis
637 1027 696 1117 (l),
708 1067 752 1079 -
763 1026 929 1118 quamvis
944 1026 990 1098 ab
1006 1025 1072 1096 hoc
1089 1045 1222 1116 genero

91 1159 246 1212 errarum
265 1141 455 1236 descriptio
474 1144 618 1215 omnino
638 1143 828 1234 abhorrere
848 1143 1028 1228 videatur,
1046 1182 1091 1196 —-
1110 1163 1156 1214 ex
1175 1162 1217 1214 eo

89 1263 166 1326 onte
178 1255 282 1348 plura
298 1258 439 1330 abundo
453 1259 679 1348 hauriebant,
697 1261 809 1331 multo
824 1260 923 1353 prius
938 1281 1047 1352 quam
1061 1257 1221 1330 Alexan-

88 1370 163 1441 lrini
183 1395 328 1445 suorum
347 1379 547 1447 carminum
565 1377 669 1469 quasi
689 1385 847 1448 tenorem
866 1378 995 1448 exinde
1013 1377 1217 1447 duxissent.

88 1488 163 1566 >uid
181 1490 291 1581 igitur
309 1491 452 1579 mirum,
474 1493 506 1564 si
525 1493 619 1564 idem
639 1493 706 1564 hoc
725 1493 883 1564 studium
906 1492 1090 1563 transierit
1114 1501 1151 1563 et
1174 1483 1224 1560 ad'

88 1605 373 1693 latinossoilicet
387 1610 432 1680 ad
446 1609 651 1681 bellicosam
666 1610 765 1680 illam
781 1619 936 1703 gentem,
948 1632 1027 1702 qnae
1042 1630 1108 1678 sua
1118 1627 1219 1678 arma

87 1741 108 1788 n
127 1743 415 1817 unamquamque
433 1734 609 1798 terrarum
630 1727 725 1797 orbis
744 1734 882 1821 partem
903 1726 1071 1819 protulit?

116 1840 213 1918 Quod
229 1839 374 1911 minime
391 1843 485 1932 fugit
501 1843 637 1914 Horatii
654 1844 812 1914 carmina
827 1843 1065 1914 cvolventem.
1086 1843 1214 1911 Nonne

87 1953 166 2024 mim
184 1956 326 2028 videtur
344 1960 537 2052 unicuique
556 1960 607 2031 rei
627 1959 730 2049 quasi
750 1960 900 2052 patriam
921 1959 1088 2041 tribuere,
1108 1965 1217 2048 atque

87 2070 232 2163 egiones
258 2082 412 2146 remotas
437 2085 499 2148 ant
530 2098 620 2169 pene
643 2077 785 2169 ignotas
808 2076 916 2147 urbes
940 2075 1042 2147 docte
1070 2063 1218 2144 enumess

87 2209 161 2275 are,
177 2212 330 2283 quarum
344 2193 402 2264 vcl
417 2175 561 2265 nomina
575 2202 732 2264 mentem
745 2183 904 2264 nostram
919 2192 1110 2264 oblectant.
1127 2192 1217 2259 Tum

86 2313 172 2376 oeta
195 2307 312 2378 locum
334 2310 526 2402 quemdam
549 2311 668 2396 refert,
685 2312 787 2402 cujus
814 2309 951 2381 nomini
975 2308 1079 2402 quasi
1105 2306 1219 2377 haeret

85 2423 240 2494 nemoria
258 2446 375 2495 rerum
394 2447 485 2518 quas
505 2426 582 2518 ipso
601 2425 693 2496 vidit
712 2433 775 2496 aut
794 2425 918 2517 gessit,
938 2424 1023 2496 dnm
1042 2423 1214 2496 Graectan

85 2538 237 2611 tsiamve
258 2540 454 2626 invisebat;
478 2550 555 2613 tum
577 2563 753 2614 amoenam
779 2542 970 2634 quamdam
993 2539 1125 2624 sedem,
1149 2542 1216 2609 Ta-

85 2665 221 2743 entum,
238 2661 355 2745 Batos,
371 2663 601 2742 Praenestem,
617 2659 726 2729 Tibur
744 2659 803 2730 vel
822 2658 974 2729 Sabinos
997 2665 1137 2728 montes
1160 2676 1216 2725 re·

85 2772 252 2858 ordatur3
278 2784 355 2844 tum
378 2776 498 2848 natale
523 2776 650 2859 solum,
675 2774 854 2869 Apuliam,
881 2774 1001 2845 animo
1025 2772 1216 2845 dulcedine

85 2898 167 2982 apto
187 2891 334 2982 repetit,
357 2898 434 2962 tum
451 2891 599 2962 immani
618 2891 681 2961 illa
698 2891 837 2985 imperii
857 2890 1006 2962 Romani
1024 2889 1216 2960 latitudine

85 3007 238 3098 uperbit,
256 3011 359 3100 cujus
375 3017 483 3101 caput
498 3013 616 3078 Romae
633 3017 721 3094 erat,
737 3007 828 3078 lines
842 3028 926 3079 vero
943 3028 1025 3078 cum
1039 3014 1214 3077 terrarum

85 3122 241 3194 ¹mitibus
261 3125 334 3196 iere
353 3126 609 3197 miscebantur.

108 3239 210 3312 Sicut
225 3241 407 3328 Horatius,
424 3243 560 3313 Statius
579 3240 828 3335 geographicis
846 3240 967 3311 verbis
984 3240 1127 3333 copiose
1143 3241 1217 3311 uti-

85 3379 132 3445 rr,
151 3359 320 3450 quamvis
337 3359 375 3430 in
393 3361 445 3431 eis
461 3359 681 3454 proferendis
697 3361 872 3431 minorem
888 3358 1098 3432 varietatem
1116 3357 1217 3429 adhi-

86 3484 158 3546 eat.
972 3494 975 3500 ’

105 3592 226 3663 Verba
251 3593 388 3685 colligit
420 3602 688 3686 enumeratque,
713 3593 833 3685 potius
859 3613 966 3684 quam
999 3590 1216 3684 longinquas

85 3709 229 3799 egiones
243 3718 362 3782 mente
376 3710 533 3783 invisere
547 3732 589 3780 ae
602 3710 706 3780 nobis
721 3717 921 3780 monstrare
934 3708 1109 3780 videatur.
1126 3706 1217 3778 Rhe·

85 3826 160 3910 tris,
192 3849 265 3898 non
283 3827 428 3922 pictoris
457 3819 642 3926 ouJusdam
668 3848 765 3899 more
791 3834 964 3898 terrarum
983 3824 1105 3896 orbem
1134 3845 1215 3916 per-

85 3945 185 4015 urrit.
208 3945 400 4017 Nominum
416 3946 650 4018 recensioncn
667 3952 701 4015 et
720 3945 1028 4016 nomenclaturam
1041 3941 1138 4027 lacit,
1152 3962 1217 4012 ne-

85 4083 146 4131 um
173 4061 270 4134 locos
301 4062 399 4155 ipsos
432 4061 621 4133 describat.
654 4063 769 4150 Ratio,
803 4083 874 4155 qua
899 4061 1019 4131 varias
1051 4057 1216 4150 regiones

90 4299 127 4362 (l)
143 4296 183 4350 Gl.
199 4293 291 4360 Parni,
309 4297 416 4362 Trapa'q.
430 4311 515 4362 proco,
531 4295 690 4361 1,met1v;
705 4295 730 4348 ot
744 4295 832 4346 Paesto
848 4294 943 4359 latice,
956 4296 978 4356 1,
993 4303 1048 4348 xm.
1085 4309 1087 4312 ·
