<?xml version="1.0" encoding="UTF-8"?>
<!DOCTYPE html PUBLIC "-//W3C//DTD XHTML 1.0 Transitional//EN"
    "http://www.w3.org/TR/xhtml1/DTD/xhtml1-transitional.dtd">
<html xmlns="http://www.w3.org/1999/xhtml" xml:lang="en" lang="en">
 <head>
  <title>
</title>
<meta http-equiv="Content-Type" content="text/html;charset=utf-8" />
  <meta name='ocr-system' content='tesseract 3.04.00' />
  <meta name='ocr-capabilities' content='ocr_page ocr_carea ocr_par ocr_line ocrx_word'/>
</head>
<body>
  <div class='ocr_page' id='page_1' title='image "./deppapiniistati00clargoog_0054.png"; bbox 0 0 3154 4970; ppageno 0'>
   <div class='ocr_carea' id='block_1_1' title="bbox 751 355 910 420">
    <p class='ocr_par' dir='ltr' id='par_1_1' title="bbox 751 355 910 420">
     <span class='ocr_line' id='line_1_1' title="bbox 751 355 910 420; baseline 0.013 -18"><span class='ocrx_word' id='word_1_1' title='bbox 751 355 910 420; x_wconf 68' lang='grc'>...48-</span> 
     </span>
    </p>
   </div>
   <div class='ocr_carea' id='block_1_2' title="bbox 253 513 1452 3971">
    <p class='ocr_par' dir='ltr' id='par_1_2' title="bbox 253 513 1408 822">
     <span class='ocr_line' id='line_1_2' title="bbox 253 513 1408 622; baseline -0.002 -34"><span class='ocrx_word' id='word_1_2' title='bbox 253 539 350 590; x_wconf 89' lang='lat' dir='ltr'><strong>nunc</strong></span> <span class='ocrx_word' id='word_1_3' title='bbox 370 517 479 622; x_wconf 88' lang='lat' dir='ltr'><strong>etiam</strong></span> <span class='ocrx_word' id='word_1_4' title='bbox 496 513 770 620; x_wconf 87' lang='lat' dir='ltr'><strong>pulchrisrebus</strong></span> <span class='ocrx_word' id='word_1_5' title='bbox 785 514 1021 605; x_wconf 81' lang='lat' dir='ltr'><strong>subtilissime</strong></span> <span class='ocrx_word' id='word_1_6' title='bbox 1036 514 1285 602; x_wconf 88' lang='lat' dir='ltr'><strong>delectantur:</strong></span> <span class='ocrx_word' id='word_1_7' title='bbox 1300 516 1408 606; x_wconf 82' lang='lat' dir='ltr'><strong>quasi</strong></span> 
     </span>
     <span class='ocr_line' id='line_1_3' title="bbox 258 613 1403 730; baseline -0.004 -25"><span class='ocrx_word' id='word_1_8' title='bbox 258 657 279 706; x_wconf 88' lang='lat' dir='ltr'><strong>a</strong></span> <span class='ocrx_word' id='word_1_9' title='bbox 304 613 462 704; x_wconf 90' lang='lat' dir='ltr'><strong>Vindice</strong></span> <span class='ocrx_word' id='word_1_10' title='bbox 473 623 580 701; x_wconf 92' lang='lat' dir='ltr'><strong>oriret</strong></span> <span class='ocrx_word' id='word_1_11' title='bbox 583 651 644 700; x_wconf 92' lang='lat' dir='ltr'><strong>ur</strong></span> <span class='ocrx_word' id='word_1_12' title='bbox 566 630 692 712; x_wconf 91' lang='lat' dir='ltr'><strong>tid</strong></span> <span class='ocrx_word' id='word_1_13' title='bbox 687 631 801 730; x_wconf 80' lang='lat' dir='ltr'><strong>quod</strong></span> <span class='ocrx_word' id='word_1_14' title='bbox 827 653 849 700; x_wconf 90' lang='lat' dir='ltr'><strong>a</strong></span> <span class='ocrx_word' id='word_1_15' title='bbox 876 617 1081 709; x_wconf 73' lang='lat' dir='ltr'><strong>recentibus</strong></span> <span class='ocrx_word' id='word_1_16' title='bbox 1106 629 1228 701; x_wconf 93' lang='lat' dir='ltr'><strong>vocari</strong></span> <span class='ocrx_word' id='word_1_17' title='bbox 1252 630 1403 702; x_wconf 89' lang='lat' dir='ltr'><strong>liceret:</strong></span> 
     </span>
     <span class='ocr_line' id='line_1_4' title="bbox 260 747 1375 840; baseline -0.008 -22"><span class='ocrx_word' id='word_1_18' title='bbox 260 749 465 848; x_wconf 78' lang='lat' dir='ltr'><strong>«l&#39;bistoire</strong></span> <span class='ocrx_word' id='word_1_19' title='bbox 479 747 524 818; x_wconf 89' lang='lat' dir='ltr'><strong>de</strong></span> <span class='ocrx_word' id='word_1_20' title='bbox 539 747 574 817; x_wconf 87' lang='lat' dir='ltr'><strong>la</strong></span> <span class='ocrx_word' id='word_1_21' title='bbox 592 747 761 840; x_wconf 82' lang='lat' dir='ltr'><strong>curiosite</strong></span> <span class='ocrx_word' id='word_1_22' title='bbox 775 767 820 838; x_wconf 89' lang='lat' dir='ltr'><strong>en</strong></span> <span class='ocrx_word' id='word_1_23' title='bbox 834 750 982 828; x_wconf 76' lang='lat' dir='ltr'><strong>Ilrance.</strong></span> <span class='ocrx_word' id='word_1_24' title='bbox 1006 773 1032 816; x_wconf 80' lang='lat' dir='ltr'><strong>s</strong></span> <span class='ocrx_word' id='word_1_25' title='bbox 1368 813 1375 822; x_wconf 59' lang='grc'>,</span> 
     </span>
    </p>

    <p class='ocr_par' dir='ltr' id='par_1_3' title="bbox 257 843 1452 2463">
     <span class='ocr_line' id='line_1_5' title="bbox 302 843 1408 958; baseline -0.007 -17"><span class='ocrx_word' id='word_1_26' title='bbox 302 843 414 941; x_wconf 88' lang='lat' dir='ltr'><strong>Nobis</strong></span> <span class='ocrx_word' id='word_1_27' title='bbox 428 885 491 958; x_wconf 89' lang='lat' dir='ltr'><strong>per</strong></span> <span class='ocrx_word' id='word_1_28' title='bbox 505 867 696 956; x_wconf 88' lang='lat' dir='ltr'><strong>Campum</strong></span> <span class='ocrx_word' id='word_1_29' title='bbox 695 863 795 935; x_wconf 87' lang='lat' dir='ltr'><strong>Mart</strong></span> <span class='ocrx_word' id='word_1_30' title='bbox 771 871 873 948; x_wconf 84' lang='lat' dir='ltr'><strong>trum,</strong></span> <span class='ocrx_word' id='word_1_31' title='bbox 891 863 1003 954; x_wconf 81' lang='lat' dir='ltr'><strong>Statio</strong></span> <span class='ocrx_word' id='word_1_32' title='bbox 1018 865 1240 954; x_wconf 89' lang='lat' dir='ltr'><strong>comitante,</strong></span> <span class='ocrx_word' id='word_1_33' title='bbox 1241 864 1408 937; x_wconf 90' lang='lat' dir='ltr'><strong>deerran-</strong></span> 
     </span>
     <span class='ocr_line' id='line_1_6' title="bbox 257 979 1452 1078; baseline -0.002 -24"><span class='ocrx_word' id='word_1_34' title='bbox 257 983 356 1054; x_wconf 87' lang='lat' dir='ltr'><strong>trbus</strong></span> <span class='ocrx_word' id='word_1_35' title='bbox 370 979 533 1056; x_wconf 79' lang='lat' dir='ltr'><strong>Vindex</strong></span> <span class='ocrx_word' id='word_1_36' title='bbox 524 999 602 1070; x_wconf 84' lang='lat' dir='ltr'><strong>rpse</strong></span> <span class='ocrx_word' id='word_1_37' title='bbox 615 987 768 1052; x_wconf 87' lang='lat' dir='ltr'><strong>oecurrr</strong></span> <span class='ocrx_word' id='word_1_38' title='bbox 771 1001 858 1071; x_wconf 87' lang='lat' dir='ltr'><strong>‚qur</strong></span> <span class='ocrx_word' id='word_1_39' title='bbox 848 979 1021 1050; x_wconf 91' lang='lat' dir='ltr'><strong>humero</strong></span> <span class='ocrx_word' id='word_1_40' title='bbox 1032 979 1272 1078; x_wconf 86' lang='lat' dir='ltr'><strong>deprehensos</strong></span> <span class='ocrx_word' id='word_1_41' title='bbox 1286 1003 1351 1055; x_wconf 93' lang='lat' dir='ltr'><strong>nos</strong></span> <span class='ocrx_word' id='word_1_42' title='bbox 1362 981 1408 1052; x_wconf 90' lang='lat' dir='ltr'><strong>ad</strong></span> <span class='ocrx_word' id='word_1_43' title='bbox 1449 993 1452 999; x_wconf 84' lang='grc'><strong><em>·</em></strong></span> 
     </span>
     <span class='ocr_line' id='line_1_7' title="bbox 260 1071 1409 1204; baseline -0.003 -34"><span class='ocrx_word' id='word_1_44' title='bbox 260 1119 400 1198; x_wconf 82' lang='lat' dir='ltr'><strong>omnam</strong></span> <span class='ocrx_word' id='word_1_45' title='bbox 432 1105 549 1166; x_wconf 89' lang='lat' dir='ltr'><strong>vocat.</strong></span> <span class='ocrx_word' id='word_1_46' title='bbox 587 1071 699 1185; x_wconf 84' lang='lat' dir='ltr'><strong>Cujus</strong></span> <span class='ocrx_word' id='word_1_47' title='bbox 723 1095 904 1166; x_wconf 91' lang='lat' dir='ltr'><strong>domum</strong></span> <span class='ocrx_word' id='word_1_48' title='bbox 895 1095 1070 1204; x_wconf 78' lang='lat' dir='ltr'><strong>ingressis</strong></span> <span class='ocrx_word' id='word_1_49' title='bbox 1103 1117 1182 1186; x_wconf 84' lang='lat' dir='ltr'><strong>quae</strong></span> <span class='ocrx_word' id='word_1_50' title='bbox 1215 1095 1409 1192; x_wconf 86' lang='lat' dir='ltr'><strong>qualiaque</strong></span> 
     </span>
     <span class='ocr_line' id='line_1_8' title="bbox 261 1191 1408 1312; baseline -0.003 -27"><span class='ocrx_word' id='word_1_51' title='bbox 261 1191 463 1307; x_wconf 84' lang='lat' dir='ltr'><strong>splendent!</strong></span> <span class='ocrx_word' id='word_1_52' title='bbox 500 1215 541 1280; x_wconf 94' lang='lat' dir='ltr'><strong>ln</strong></span> <span class='ocrx_word' id='word_1_53' title='bbox 573 1211 675 1312; x_wconf 87' lang='lat' dir='ltr'><strong>atrio,</strong></span> <span class='ocrx_word' id='word_1_54' title='bbox 709 1212 825 1281; x_wconf 90' lang='lat' dir='ltr'><strong>omnis</strong></span> <span class='ocrx_word' id='word_1_55' title='bbox 859 1211 1001 1303; x_wconf 83' lang='lat' dir='ltr'><strong>generis</strong></span> <span class='ocrx_word' id='word_1_56' title='bbox 1028 1197 1194 1304; x_wconf 88' lang='lat' dir='ltr'><strong>plantis</strong></span> <span class='ocrx_word' id='word_1_57' title='bbox 1187 1234 1228 1283; x_wconf 88' lang='lat' dir='ltr'><strong>ac</strong></span> <span class='ocrx_word' id='word_1_58' title='bbox 1259 1211 1408 1283; x_wconf 87' lang='lat' dir='ltr'><strong>floribus</strong></span> 
     </span>
     <span class='ocr_line' id='line_1_9' title="bbox 261 1327 1408 1420; baseline -0.003 -20"><span class='ocrx_word' id='word_1_59' title='bbox 261 1329 442 1414; x_wconf 86' lang='lat' dir='ltr'><strong>distincto,</strong></span> <span class='ocrx_word' id='word_1_60' title='bbox 452 1299 1408 1420; x_wconf 77' lang='lat' dir='ltr'><strong>marmoreasignaculumnaequeinterfrondeslucent</strong></span> 
     </span>
     <span class='ocr_line' id='line_1_10' title="bbox 261 1433 1406 1539; baseline -0.004 -23"><span class='ocrx_word' id='word_1_61' title='bbox 261 1445 345 1516; x_wconf 92' lang='lat' dir='ltr'><strong>dum</strong></span> <span class='ocrx_word' id='word_1_62' title='bbox 354 1465 500 1539; x_wconf 87' lang='lat' dir='ltr'><strong>aquaex</strong></span> <span class='ocrx_word' id='word_1_63' title='bbox 509 1453 605 1515; x_wconf 88' lang='lat' dir='ltr'><strong>arcto</strong></span> <span class='ocrx_word' id='word_1_64' title='bbox 615 1442 732 1518; x_wconf 89' lang='lat' dir='ltr'><strong>canali</strong></span> <span class='ocrx_word' id='word_1_65' title='bbox 743 1433 942 1513; x_wconf 72' lang='lat' dir='ltr'><strong>¹in&#39;aeratum</strong></span> <span class='ocrx_word' id='word_1_66' title='bbox 952 1442 1096 1512; x_wconf 88' lang='lat' dir='ltr'><strong>alveum</strong></span> <span class='ocrx_word' id='word_1_67' title='bbox 1105 1443 1216 1513; x_wconf 87' lang='lat' dir='ltr'><strong>missa</strong></span> <span class='ocrx_word' id='word_1_68' title='bbox 1230 1449 1406 1524; x_wconf 88' lang='lat' dir='ltr'><strong>susurrat,</strong></span> 
     </span>
     <span class='ocr_line' id='line_1_11' title="bbox 260 1555 1409 1631; baseline -0.003 -1"><span class='ocrx_word' id='word_1_69' title='bbox 260 1559 418 1631; x_wconf 86' lang='lat' dir='ltr'><strong>volutet</strong></span> <span class='ocrx_word' id='word_1_70' title='bbox 441 1580 538 1630; x_wconf 88' lang='lat' dir='ltr'><strong>nuno</strong></span> <span class='ocrx_word' id='word_1_71' title='bbox 561 1560 684 1630; x_wconf 87' lang='lat' dir='ltr'><strong>eadem</strong></span> <span class='ocrx_word' id='word_1_72' title='bbox 713 1557 836 1627; x_wconf 88' lang='lat' dir='ltr'><strong>mirari</strong></span> <span class='ocrx_word' id='word_1_73' title='bbox 860 1555 965 1626; x_wconf 89' lang='lat' dir='ltr'><strong>datur</strong></span> <span class='ocrx_word' id='word_1_74' title='bbox 993 1557 1032 1626; x_wconf 91' lang='lat' dir='ltr'><strong>in</strong></span> <span class='ocrx_word' id='word_1_75' title='bbox 1060 1556 1303 1627; x_wconf 82' lang='lat' dir='ltr'><strong>festivissimis</strong></span> <span class='ocrx_word' id='word_1_76' title='bbox 1334 1556 1409 1626; x_wconf 86' lang='lat' dir='ltr'><strong>illis</strong></span> 
     </span>
     <span class='ocr_line' id='line_1_12' title="bbox 261 1654 1410 1767; baseline -0.003 -21"><span class='ocrx_word' id='word_1_77' title='bbox 261 1675 374 1746; x_wconf 90' lang='lat' dir='ltr'><strong>hortis</strong></span> <span class='ocrx_word' id='word_1_78' title='bbox 400 1697 488 1766; x_wconf 90' lang='lat' dir='ltr'><strong>quos</strong></span> <span class='ocrx_word' id='word_1_79' title='bbox 517 1654 669 1767; x_wconf 81' lang='lat' dir='ltr'><strong>Hispani</strong></span> <span class='ocrx_word' id='word_1_80' title='bbox 696 1673 813 1766; x_wconf 79' lang='lat' dir='ltr'><strong>potios</strong></span> <span class='ocrx_word' id='word_1_81' title='bbox 846 1681 988 1742; x_wconf 87' lang='lat' dir='ltr'><strong>vocant.</strong></span> <span class='ocrx_word' id='word_1_82' title='bbox 1022 1675 1133 1743; x_wconf 83' lang='lat' dir='ltr'><strong>Juxta</strong></span> <span class='ocrx_word' id='word_1_83' title='bbox 1161 1681 1285 1766; x_wconf 89' lang='lat' dir='ltr'><strong>patent</strong></span> <span class='ocrx_word' id='word_1_84' title='bbox 1315 1672 1410 1743; x_wconf 89' lang='lat' dir='ltr'><strong>varii</strong></span> 
     </span>
     <span class='ocr_line' id='line_1_13' title="bbox 262 1788 1410 1883; baseline -0.004 -21"><span class='ocrx_word' id='word_1_85' title='bbox 262 1791 422 1874; x_wconf 81' lang='lat' dir='ltr'><strong>thalami,</strong></span> <span class='ocrx_word' id='word_1_86' title='bbox 445 1790 718 1883; x_wconf 90' lang='lat' dir='ltr'><strong>tabulinumque</strong></span> <span class='ocrx_word' id='word_1_87' title='bbox 732 1788 794 1858; x_wconf 93' lang='lat' dir='ltr'><strong>ubi</strong></span> <span class='ocrx_word' id='word_1_88' title='bbox 810 1809 853 1860; x_wconf 90' lang='lat' dir='ltr'><strong>ea</strong></span> <span class='ocrx_word' id='word_1_89' title='bbox 868 1788 996 1874; x_wconf 87' lang='lat' dir='ltr'><strong>nitent,</strong></span> <span class='ocrx_word' id='word_1_90' title='bbox 1007 1811 1088 1882; x_wconf 83' lang='lat' dir='ltr'><strong>quoe</strong></span> <span class='ocrx_word' id='word_1_91' title='bbox 1097 1799 1239 1861; x_wconf 88' lang='lat' dir='ltr'><strong>veteres</strong></span> <span class='ocrx_word' id='word_1_92' title='bbox 1254 1789 1410 1861; x_wconf 87' lang='lat' dir='ltr'><strong>artifices</strong></span> 
     </span>
     <span class='ocr_line' id='line_1_14' title="bbox 261 1905 1412 2000; baseline -0.001 -22"><span class='ocrx_word' id='word_1_93' title='bbox 261 1908 482 2000; x_wconf 89' lang='lat' dir='ltr'><strong>lepidissime</strong></span> <span class='ocrx_word' id='word_1_94' title='bbox 510 1907 714 2000; x_wconf 89' lang='lat' dir='ltr'><strong>poliverunt</strong></span> <span class='ocrx_word' id='word_1_95' title='bbox 737 1913 772 1976; x_wconf 93' lang='lat' dir='ltr'><strong>et</strong></span> <span class='ocrx_word' id='word_1_96' title='bbox 799 1905 843 1976; x_wconf 86' lang='lat' dir='ltr'><strong>ad</strong></span> <span class='ocrx_word' id='word_1_97' title='bbox 868 1927 1027 1997; x_wconf 82' lang='lat' dir='ltr'><strong>unguem</strong></span> <span class='ocrx_word' id='word_1_98' title='bbox 1050 1907 1286 1997; x_wconf 84' lang='lat' dir='ltr'><strong>perfecerunt.</strong></span> <span class='ocrx_word' id='word_1_99' title='bbox 1315 1906 1412 1977; x_wconf 90' lang='lat' dir='ltr'><strong>llille</strong></span> 
     </span>
     <span class='ocr_line' id='line_1_15' title="bbox 263 2022 1412 2116; baseline 0 -22"><span class='ocrx_word' id='word_1_100' title='bbox 263 2023 314 2094; x_wconf 91' lang='lat' dir='ltr'><strong>ibi</strong></span> <span class='ocrx_word' id='word_1_101' title='bbox 330 2025 467 2116; x_wconf 87' lang='lat' dir='ltr'><strong>speeies</strong></span> <span class='ocrx_word' id='word_1_102' title='bbox 476 2023 557 2093; x_wconf 83' lang='lat' dir='ltr'><strong>aeris</strong></span> <span class='ocrx_word' id='word_1_103' title='bbox 570 2022 760 2115; x_wconf 82' lang='lat' dir='ltr'><strong>eborisque</strong></span> <span class='ocrx_word' id='word_1_104' title='bbox 770 2022 915 2104; x_wconf 87' lang='lat' dir='ltr'><strong>vetusti,</strong></span> <span class='ocrx_word' id='word_1_105' title='bbox 929 2042 1098 2113; x_wconf 90' lang='lat' dir='ltr'><strong>cerasque</strong></span> <span class='ocrx_word' id='word_1_106' title='bbox 1107 2022 1256 2093; x_wconf 90' lang='lat' dir='ltr'><strong>mentito</strong></span> <span class='ocrx_word' id='word_1_107' title='bbox 1266 2043 1412 2114; x_wconf 89' lang='lat' dir='ltr'><strong>corpore</strong></span> 
     </span>
     <span class='ocr_line' id='line_1_16' title="bbox 266 2137 1412 2231; baseline 0 -22"><span class='ocrx_word' id='word_1_108' title='bbox 266 2138 446 2210; x_wconf 88' lang='lat' dir='ltr'><strong>locuturas</strong></span> <span class='ocrx_word' id='word_1_109' title='bbox 477 2137 707 2231; x_wconf 88' lang='lat' dir='ltr'><strong>adspicimus,</strong></span> <span class='ocrx_word' id='word_1_110' title='bbox 732 2146 767 2209; x_wconf 88' lang='lat' dir='ltr'><strong>et</strong></span> <span class='ocrx_word' id='word_1_111' title='bbox 790 2146 865 2208; x_wconf 89' lang='lat' dir='ltr'><strong>tute</strong></span> <span class='ocrx_word' id='word_1_112' title='bbox 884 2137 1055 2229; x_wconf 88' lang='lat' dir='ltr'><strong>nullaque</strong></span> <span class='ocrx_word' id='word_1_113' title='bbox 1071 2138 1283 2230; x_wconf 89' lang='lat' dir='ltr'><strong>suspicione</strong></span> <span class='ocrx_word' id='word_1_114' title='bbox 1306 2137 1412 2209; x_wconf 89' lang='lat' dir='ltr'><strong>mira·</strong></span> 
     </span>
     <span class='ocr_line' id='line_1_17' title="bbox 264 2254 1411 2348; baseline 0 -22"><span class='ocrx_word' id='word_1_115' title='bbox 264 2275 357 2340; x_wconf 90' lang='lat' dir='ltr'><strong>mur,</strong></span> <span class='ocrx_word' id='word_1_116' title='bbox 369 2255 599 2326; x_wconf 88' lang='lat' dir='ltr'><strong>cumVindex</strong></span> <span class='ocrx_word' id='word_1_117' title='bbox 615 2254 791 2348; x_wconf 86' lang='lat' dir='ltr'><strong>praeoipne</strong></span> <span class='ocrx_word' id='word_1_118' title='bbox 801 2254 929 2325; x_wconf 84' lang='lat' dir='ltr'><strong>calleat</strong></span> <span class='ocrx_word' id='word_1_119' title='bbox 937 2263 1077 2326; x_wconf 89' lang='lat' dir='ltr'><strong>veteres</strong></span> <span class='ocrx_word' id='word_1_120' title='bbox 1088 2255 1266 2326; x_wconf 90' lang='lat' dir='ltr'><strong>artilioum</strong></span> <span class='ocrx_word' id='word_1_121' title='bbox 1282 2256 1411 2326; x_wconf 88' lang='lat' dir='ltr'><strong>duetus</strong></span> 
     </span>
     <span class='ocr_line' id='line_1_18' title="bbox 267 2370 1317 2463; baseline 0 -21"><span class='ocrx_word' id='word_1_122' title='bbox 267 2389 474 2463; x_wconf 78' lang='lat' dir='ltr'><strong>agnoscere,</strong></span> <span class='ocrx_word' id='word_1_123' title='bbox 492 2380 528 2442; x_wconf 90' lang='lat' dir='ltr'><strong>et</strong></span> <span class='ocrx_word' id='word_1_124' title='bbox 546 2370 662 2461; x_wconf 83' lang='lat' dir='ltr'><strong>signis</strong></span> <span class='ocrx_word' id='word_1_125' title='bbox 677 2392 749 2440; x_wconf 91' lang='lat' dir='ltr'><strong>non</strong></span> <span class='ocrx_word' id='word_1_126' title='bbox 763 2370 945 2463; x_wconf 88' lang='lat' dir='ltr'><strong>inscriptis</strong></span> <span class='ocrx_word' id='word_1_127' title='bbox 965 2379 1145 2440; x_wconf 89' lang='lat' dir='ltr'><strong>auctorem</strong></span> <span class='ocrx_word' id='word_1_128' title='bbox 1160 2371 1317 2445; x_wconf 89' lang='lat' dir='ltr'><strong>reddere.</strong></span> 
     </span>
    </p>

    <p class='ocr_par' dir='ltr' id='par_1_4' title="bbox 263 2483 1415 3157">
     <span class='ocr_line' id='line_1_19' title="bbox 310 2483 1412 2590; baseline 0.001 -33"><span class='ocrx_word' id='word_1_129' title='bbox 310 2489 394 2557; x_wconf 83' lang='lat' dir='ltr'><strong>Haec</strong></span> <span class='ocrx_word' id='word_1_130' title='bbox 405 2485 525 2590; x_wconf 78' lang='lat' dir='ltr'><strong>omnia</strong></span> <span class='ocrx_word' id='word_1_131' title='bbox 532 2487 667 2558; x_wconf 83' lang='lat' dir='ltr'><strong>Statius</strong></span> <span class='ocrx_word' id='word_1_132' title='bbox 682 2486 785 2568; x_wconf 90' lang='lat' dir='ltr'><strong>vidit,</strong></span> <span class='ocrx_word' id='word_1_133' title='bbox 798 2506 841 2556; x_wconf 89' lang='lat' dir='ltr'><strong>ac</strong></span> <span class='ocrx_word' id='word_1_134' title='bbox 853 2486 975 2558; x_wconf 86' lang='lat' dir='ltr'><strong>vivide</strong></span> <span class='ocrx_word' id='word_1_135' title='bbox 989 2485 1195 2579; x_wconf 90' lang='lat' dir='ltr'><strong>descripsit:</strong></span> <span class='ocrx_word' id='word_1_136' title='bbox 1207 2487 1270 2558; x_wconf 89' lang='lat' dir='ltr'><strong>sed</strong></span> <span class='ocrx_word' id='word_1_137' title='bbox 1282 2483 1412 2558; x_wconf 75' lang='lat' dir='ltr'><strong>adhaec</strong></span> 
     </span>
     <span class='ocr_line' id='line_1_20' title="bbox 264 2601 1412 2692; baseline -0.002 -18"><span class='ocrx_word' id='word_1_138' title='bbox 264 2601 503 2674; x_wconf 89' lang='lat' dir='ltr'><strong>describenda</strong></span> <span class='ocrx_word' id='word_1_139' title='bbox 518 2601 630 2672; x_wconf 88' lang='lat' dir='ltr'><strong>oeulis</strong></span> <span class='ocrx_word' id='word_1_140' title='bbox 645 2601 763 2691; x_wconf 77' lang='lat' dir='ltr'><strong>magis</strong></span> <span class='ocrx_word' id='word_1_141' title='bbox 782 2623 890 2692; x_wconf 85' lang='lat' dir='ltr'><strong>quarn</strong></span> <span class='ocrx_word' id='word_1_142' title='bbox 908 2601 1026 2672; x_wconf 86' lang='lat' dir='ltr'><strong>animo</strong></span> <span class='ocrx_word' id='word_1_143' title='bbox 1049 2622 1131 2673; x_wconf 90' lang='lat' dir='ltr'><strong>eum</strong></span> <span class='ocrx_word' id='word_1_144' title='bbox 1151 2603 1270 2673; x_wconf 91' lang='lat' dir='ltr'><strong>varios</strong></span> <span class='ocrx_word' id='word_1_145' title='bbox 1293 2609 1412 2673; x_wconf 87' lang='lat' dir='ltr'><strong>motus</strong></span> 
     </span>
     <span class='ocr_line' id='line_1_21' title="bbox 263 2703 1412 2812; baseline -0.002 -22"><span class='ocrx_word' id='word_1_146' title='bbox 263 2718 447 2812; x_wconf 89' lang='lat' dir='ltr'><strong>percipere</strong></span> <span class='ocrx_word' id='word_1_147' title='bbox 471 2726 629 2810; x_wconf 88' lang='lat' dir='ltr'><strong>apparet.</strong></span> <span class='ocrx_word' id='word_1_148' title='bbox 656 2703 842 2787; x_wconf 87' lang='lat' dir='ltr'><strong>Marmoris</strong></span> <span class='ocrx_word' id='word_1_149' title='bbox 869 2716 966 2787; x_wconf 89' lang='lat' dir='ltr'><strong>enirn</strong></span> <span class='ocrx_word' id='word_1_150' title='bbox 990 2719 1130 2790; x_wconf 89' lang='lat' dir='ltr'><strong>aerisve</strong></span> <span class='ocrx_word' id='word_1_151' title='bbox 1153 2719 1340 2810; x_wconf 88' lang='lat' dir='ltr'><strong>splendore</strong></span> <span class='ocrx_word' id='word_1_152' title='bbox 1370 2741 1412 2789; x_wconf 87' lang='lat' dir='ltr'><strong>ac</strong></span> 
     </span>
     <span class='ocr_line' id='line_1_22' title="bbox 263 2832 1413 2928; baseline -0.001 -22"><span class='ocrx_word' id='word_1_153' title='bbox 263 2834 379 2906; x_wconf 91' lang='lat' dir='ltr'><strong>colore</strong></span> <span class='ocrx_word' id='word_1_154' title='bbox 395 2835 511 2925; x_wconf 81' lang='lat' dir='ltr'><strong>magis</strong></span> <span class='ocrx_word' id='word_1_155' title='bbox 521 2855 629 2926; x_wconf 91' lang='lat' dir='ltr'><strong>quam</strong></span> <span class='ocrx_word' id='word_1_156' title='bbox 644 2832 908 2926; x_wconf 90' lang='lat' dir='ltr'><strong>pulchritudine</strong></span> <span class='ocrx_word' id='word_1_157' title='bbox 923 2833 1091 2905; x_wconf 89' lang='lat' dir='ltr'><strong>allicitur.</strong></span> <span class='ocrx_word' id='word_1_158' title='bbox 1114 2837 1239 2906; x_wconf 88' lang='lat' dir='ltr'><strong>Statua</strong></span> <span class='ocrx_word' id='word_1_159' title='bbox 1255 2836 1413 2928; x_wconf 86' lang='lat' dir='ltr'><strong>quadam</strong></span> 
     </span>
     <span class='ocr_line' id='line_1_23' title="bbox 263 2949 1415 3045; baseline 0 -23"><span class='ocrx_word' id='word_1_160' title='bbox 263 2951 444 3043; x_wconf 87' lang='lat' dir='ltr'><strong>adspecta,</strong></span> <span class='ocrx_word' id='word_1_161' title='bbox 471 2949 592 3022; x_wconf 89' lang='lat' dir='ltr'><strong>statim</strong></span> <span class='ocrx_word' id='word_1_162' title='bbox 620 2949 734 3020; x_wconf 85' lang='lat' dir='ltr'><strong>multa</strong></span> <span class='ocrx_word' id='word_1_163' title='bbox 755 2950 972 3036; x_wconf 87' lang='lat' dir='ltr'><strong>recordatus,</strong></span> <span class='ocrx_word' id='word_1_164' title='bbox 994 2950 1108 3021; x_wconf 90' lang='lat' dir='ltr'><strong>multa</strong></span> <span class='ocrx_word' id='word_1_165' title='bbox 1129 2953 1296 3045; x_wconf 86' lang='lat' dir='ltr'><strong>exempla</strong></span> <span class='ocrx_word' id='word_1_166' title='bbox 1318 2973 1415 3023; x_wconf 89' lang='lat' dir='ltr'><strong>oom-</strong></span> 
     </span>
     <span class='ocr_line' id='line_1_24' title="bbox 265 3065 1411 3157; baseline 0.002 -21"><span class='ocrx_word' id='word_1_167' title='bbox 265 3075 449 3150; x_wconf 88' lang='lat' dir='ltr'><strong>memorat,</strong></span> <span class='ocrx_word' id='word_1_168' title='bbox 470 3065 603 3138; x_wconf 89' lang='lat' dir='ltr'><strong>nedum</strong></span> <span class='ocrx_word' id='word_1_169' title='bbox 622 3065 766 3157; x_wconf 87' lang='lat' dir='ltr'><strong>penitus</strong></span> <span class='ocrx_word' id='word_1_170' title='bbox 781 3067 819 3135; x_wconf 92' lang='lat' dir='ltr'><strong>in</strong></span> <span class='ocrx_word' id='word_1_171' title='bbox 834 3066 952 3137; x_wconf 91' lang='lat' dir='ltr'><strong>animo</strong></span> <span class='ocrx_word' id='word_1_172' title='bbox 969 3067 1072 3157; x_wconf 90' lang='lat' dir='ltr'><strong>plura</strong></span> <span class='ocrx_word' id='word_1_173' title='bbox 1088 3067 1219 3139; x_wconf 88' lang='lat' dir='ltr'><strong>sentire</strong></span> <span class='ocrx_word' id='word_1_174' title='bbox 1233 3067 1411 3139; x_wconf 86' lang='lat' dir='ltr'><strong>videatur.</strong></span> 
     </span>
    </p>

    <p class='ocr_par' dir='ltr' id='par_1_5' title="bbox 263 3182 1416 3971">
     <span class='ocr_line' id='line_1_25' title="bbox 310 3182 1415 3276; baseline 0.001 -23"><span class='ocrx_word' id='word_1_175' title='bbox 310 3186 403 3254; x_wconf 87' lang='lat' dir='ltr'><strong>Ante</strong></span> <span class='ocrx_word' id='word_1_176' title='bbox 418 3182 611 3254; x_wconf 87' lang='lat' dir='ltr'><strong>Domitiani</strong></span> <span class='ocrx_word' id='word_1_177' title='bbox 628 3190 829 3274; x_wconf 90' lang='lat' dir='ltr'><strong>equestrem</strong></span> <span class='ocrx_word' id='word_1_178' title='bbox 845 3189 1002 3253; x_wconf 87' lang='lat' dir='ltr'><strong>statuam</strong></span> <span class='ocrx_word' id='word_1_179' title='bbox 1019 3182 1134 3254; x_wconf 91' lang='lat' dir='ltr'><strong>medio</strong></span> <span class='ocrx_word' id='word_1_180' title='bbox 1150 3184 1225 3255; x_wconf 83' lang='lat' dir='ltr'><strong>loro</strong></span> <span class='ocrx_word' id='word_1_181' title='bbox 1239 3183 1415 3276; x_wconf 80' lang='lat' dir='ltr'><strong>ingruen-</strong></span> 
     </span>
     <span class='ocr_line' id='line_1_26' title="bbox 266 3297 1415 3392; baseline 0 -20"><span class='ocrx_word' id='word_1_182' title='bbox 266 3310 348 3385; x_wconf 92' lang='lat' dir='ltr'><strong>tem,</strong></span> <span class='ocrx_word' id='word_1_183' title='bbox 365 3299 499 3371; x_wconf 89' lang='lat' dir='ltr'><strong>nedum</strong></span> <span class='ocrx_word' id='word_1_184' title='bbox 509 3297 650 3390; x_wconf 83' lang='lat' dir='ltr'><strong>ingenti</strong></span> <span class='ocrx_word' id='word_1_185' title='bbox 663 3299 917 3392; x_wconf 71' lang='lat' dir='ltr'><strong>praestantique</strong></span> <span class='ocrx_word' id='word_1_186' title='bbox 927 3297 1035 3390; x_wconf 89' lang='lat' dir='ltr'><strong>hujus</strong></span> <span class='ocrx_word' id='word_1_187' title='bbox 1049 3299 1152 3370; x_wconf 90' lang='lat' dir='ltr'><strong>molis</strong></span> <span class='ocrx_word' id='word_1_188' title='bbox 1163 3299 1415 3390; x_wconf 84' lang='lat' dir='ltr'><strong>magnitudine</strong></span> 
     </span>
     <span class='ocr_line' id='line_1_27' title="bbox 263 3415 1416 3506; baseline 0.002 -20"><span class='ocrx_word' id='word_1_189' title='bbox 263 3437 328 3486; x_wconf 89' lang='lat' dir='ltr'><strong>nos</strong></span> <span class='ocrx_word' id='word_1_190' title='bbox 352 3422 573 3506; x_wconf 86' lang='lat' dir='ltr'><strong>permoveat,</strong></span> <span class='ocrx_word' id='word_1_191' title='bbox 598 3421 827 3506; x_wconf 89' lang='lat' dir='ltr'><strong>percontatur</strong></span> <span class='ocrx_word' id='word_1_192' title='bbox 853 3434 941 3484; x_wconf 91' lang='lat' dir='ltr'><strong>num</strong></span> <span class='ocrx_word' id='word_1_193' title='bbox 966 3416 1127 3505; x_wconf 85' lang='lat' dir='ltr'><strong>trojanus</strong></span> <span class='ocrx_word' id='word_1_194' title='bbox 1156 3436 1272 3506; x_wconf 89' lang='lat' dir='ltr'><strong>equus</strong></span> <span class='ocrx_word' id='word_1_195' title='bbox 1299 3415 1416 3488; x_wconf 90' lang='lat' dir='ltr'><strong>minor</strong></span> 
     </span>
     <span class='ocr_line' id='line_1_28' title="bbox 264 3530 1415 3622; baseline 0.001 -21"><span class='ocrx_word' id='word_1_196' title='bbox 264 3531 383 3602; x_wconf 84' lang='lat' dir='ltr'><strong>luerit.</strong></span> <span class='ocrx_word' id='word_1_197' title='bbox 406 3535 595 3622; x_wconf 85' lang='lat' dir='ltr'><strong>Ingressus</strong></span> <span class='ocrx_word' id='word_1_198' title='bbox 614 3531 861 3602; x_wconf 85' lang='lat' dir='ltr'><strong>Surrentinam</strong></span> <span class='ocrx_word' id='word_1_199' title='bbox 887 3530 990 3600; x_wconf 91' lang='lat' dir='ltr'><strong>Pollii</strong></span> <span class='ocrx_word' id='word_1_200' title='bbox 1015 3530 1144 3601; x_wconf 84' lang='lat' dir='ltr'><strong>Felicis</strong></span> <span class='ocrx_word' id='word_1_201' title='bbox 1161 3530 1301 3616; x_wconf 89' lang='lat' dir='ltr'><strong>villam,</strong></span> <span class='ocrx_word' id='word_1_202' title='bbox 1318 3553 1415 3603; x_wconf 92' lang='lat' dir='ltr'><strong>mar-</strong></span> 
     </span>
     <span class='ocr_line' id='line_1_29' title="bbox 264 3645 1416 3738; baseline 0.005 -22"><span class='ocrx_word' id='word_1_203' title='bbox 264 3646 374 3716; x_wconf 90' lang='lat' dir='ltr'><strong>moris</strong></span> <span class='ocrx_word' id='word_1_204' title='bbox 389 3645 525 3716; x_wconf 89' lang='lat' dir='ltr'><strong>colores</strong></span> <span class='ocrx_word' id='word_1_205' title='bbox 540 3645 730 3738; x_wconf 87' lang='lat' dir='ltr'><strong>radiosque</strong></span> <span class='ocrx_word' id='word_1_206' title='bbox 744 3645 892 3731; x_wconf 89' lang='lat' dir='ltr'><strong>virides,</strong></span> <span class='ocrx_word' id='word_1_207' title='bbox 912 3666 1067 3730; x_wconf 88' lang='lat' dir='ltr'><strong>croceos,</strong></span> <span class='ocrx_word' id='word_1_208' title='bbox 1082 3646 1182 3716; x_wconf 89' lang='lat' dir='ltr'><strong>albos</strong></span> <span class='ocrx_word' id='word_1_209' title='bbox 1197 3648 1416 3722; x_wconf 87' lang='lat' dir='ltr'><strong>rubentesve</strong></span> 
     </span>
     <span class='ocr_line' id='line_1_30' title="bbox 265 3761 1416 3854; baseline 0.004 -22"><span class='ocrx_word' id='word_1_210' title='bbox 265 3761 795 3854; x_wconf 85' lang='lat' dir='ltr'><strong>animadvertitoomputatque.</strong></span> <span class='ocrx_word' id='word_1_211' title='bbox 813 3763 899 3854; x_wconf 80' lang='lat' dir='ltr'><strong>EJus</strong></span> <span class='ocrx_word' id='word_1_212' title='bbox 914 3761 1008 3832; x_wconf 92' lang='lat' dir='ltr'><strong>oculi</strong></span> <span class='ocrx_word' id='word_1_213' title='bbox 1021 3762 1150 3845; x_wconf 86' lang='lat' dir='ltr'><strong>colore,</strong></span> <span class='ocrx_word' id='word_1_214' title='bbox 1168 3763 1262 3834; x_wconf 89' lang='lat' dir='ltr'><strong>sieut</strong></span> <span class='ocrx_word' id='word_1_215' title='bbox 1277 3765 1416 3837; x_wconf 72' lang='lat' dir='ltr'><strong>alaudae</strong></span> 
     </span>
     <span class='ocr_line' id='line_1_31' title="bbox 264 3877 644 3971; baseline -0.008 -21"><span class='ocrx_word' id='word_1_216' title='bbox 264 3877 422 3971; x_wconf 85' lang='lat' dir='ltr'><strong>speculo,</strong></span> <span class='ocrx_word' id='word_1_217' title='bbox 439 3877 644 3949; x_wconf 86' lang='lat' dir='ltr'><strong>trahuntur.</strong></span> 
     </span>
    </p>
   </div>
   <div class='ocr_carea' id='block_1_3' title="bbox 426 4121 1112 4312">
    <p class='ocr_par' dir='ltr' id='par_1_6' title="bbox 426 4121 1112 4312">
     <span class='ocr_line' id='line_1_32' title="bbox 506 4121 1101 4201; baseline 0.002 -18"><span class='ocrx_word' id='word_1_218' title='bbox 506 4121 563 4184; x_wconf 87' lang='lat' dir='ltr'><strong>Hic</strong></span> <span class='ocrx_word' id='word_1_219' title='bbox 577 4121 678 4183; x_wconf 83' lang='lat' dir='ltr'><strong>Graiis</strong></span> <span class='ocrx_word' id='word_1_220' title='bbox 692 4121 817 4201; x_wconf 87' lang='lat' dir='ltr'><strong>penitus</strong></span> <span class='ocrx_word' id='word_1_221' title='bbox 830 4121 951 4184; x_wconf 84' lang='lat' dir='ltr'><strong>desecta</strong></span> <span class='ocrx_word' id='word_1_222' title='bbox 966 4122 1101 4186; x_wconf 86' lang='lat' dir='ltr'><strong>metallis</strong></span> 
     </span>
     <span class='ocr_line' id='line_1_33' title="bbox 426 4226 1112 4312; baseline 0.004 -23"><span class='ocrx_word' id='word_1_223' title='bbox 426 4227 505 4289; x_wconf 84' lang='lat' dir='ltr'><strong>Saxa</strong></span> <span class='ocrx_word' id='word_1_224' title='bbox 519 4249 526 4290; x_wconf 93' lang='lat'><strong>:</strong></span> <span class='ocrx_word' id='word_1_225' title='bbox 543 4226 625 4309; x_wconf 91' lang='lat' dir='ltr'><strong>quod</strong></span> <span class='ocrx_word' id='word_1_226' title='bbox 638 4227 710 4290; x_wconf 75' lang='lat' dir='ltr'><strong>llos</strong></span> <span class='ocrx_word' id='word_1_227' title='bbox 724 4227 872 4311; x_wconf 80' lang='lat' dir='ltr'><strong>respergit</strong></span> <span class='ocrx_word' id='word_1_228' title='bbox 885 4247 967 4291; x_wconf 85' lang='lat' dir='ltr'><strong>vena</strong></span> <span class='ocrx_word' id='word_1_229' title='bbox 981 4232 1112 4312; x_wconf 78' lang='lat' dir='ltr'><strong>Syenes,</strong></span> 
     </span>
    </p>
   </div>
   <div class='ocr_carea' id='block_1_4' title="bbox 0 0 1591 4970">
    <p class='ocr_par' dir='ltr' id='par_1_7' title="bbox 0 0 1591 4970">
     <span class='ocr_line' id='line_1_34' title="bbox 0 0 1591 4970; baseline 0 0"><span class='ocrx_word' id='word_1_230' title='bbox 0 0 1591 4970; x_wconf 95' lang='lat' dir='ltr'><strong> </strong></span> 
     </span>
    </p>
   </div>
  </div>
 </body>
</html>
