3154 4970
416 897 970 1048 raoonurou

593 1199 780 1212 *1.-

164 1468 245 1545 Quae
274 1461 471 1555 qualesque
497 1459 632 1532 fuerint
650 1459 796 1550 poeticae
825 1455 929 1528 Statii
955 1457 1070 1541 dotes,
1088 1453 1267 1548 praecipue

123 1581 152 1651 si
166 1581 209 1650 ad
229 1580 347 1650 Silvas
364 1576 518 1672 spectes,
534 1575 769 1667 inquiremus
790 1615 834 1626 —
858 1577 903 1642 At
924 1573 1022 1644 enim
1038 1571 1134 1642 unde
1153 1569 1205 1654 fit,
1227 1577 1267 1638 ut

123 1695 225 1766 Statii
242 1695 429 1786 ingenium
453 1693 632 1763 aestimare
649 1689 887 1782 aggrediaris,
904 1689 1015 1780 epicis
1031 1690 1108 1778 ejus
1123 1707 1266 1778 poema·

122 1812 216 1882 tibus
252 1811 449 1902 neglectis?
476 1813 601 1880 Nonne
628 1807 826 1897 periculum
855 1814 911 1876 est
940 1825 998 1887 ne,
1027 1803 1158 1874 omissa
1190 1805 1267 1894 ejus

121 1949 265 2020 operum
280 1936 394 2020 parte,
411 1925 551 2018 disjecti
569 1932 682 2016 poetae
701 1923 861 1994 membra
880 1922 1127 1992 tantummodo
1148 1939 1268 2011 super·

123 2044 355 2112 sinti-Non
374 2043 422 2111 ita
437 2061 475 2112 se
494 2061 552 2111 res
562 2039 709 2120 habent,
723 2041 753 2108 si
770 2039 873 2108 modo
884 2037 1123 2130 profitendum
1139 2035 1267 2120 est,ibi

123 2159 265 2230 demum
286 2158 497 2250 scriptorum
517 2177 640 2227 veram
662 2154 818 2247 speciem
838 2156 1089 2246 sincerumque
1105 2153 1268 2222 habitum

123 2295 306 2368 apparere,
331 2274 395 2344 ubi
418 2295 490 2344 non
522 2281 597 2343 tam
626 2273 814 2344 scientiam
845 2280 1030 2362 artemque
1057 2279 1269 2360 veteresque

120 2391 320 2461 carminum
339 2391 435 2460 locos
461 2388 644 2473 adhibere,
661 2409 769 2480 quam
787 2409 891 2459 veros
911 2388 1023 2458 animi
1043 2395 1160 2455 motus
1183 2385 1269 2455 inti-

120 2527 270 2598 masque
303 2507 462 2599 ipsorum
500 2504 735 2594 cogitationes
771 2504 974 2575 describere
1006 2510 1195 2574 conantur.
1228 2505 1268 2572 In

120 2622 228 2692 Silvis
255 2622 350 2692 enim
371 2621 509 2692 Statius
530 2629 655 2712 sponte
680 2641 745 2691 sua
765 2620 870 2690 nobis
894 2615 1063 2711 exprimit
1087 2639 1166 2709 quae
1186 2638 1269 2687 sen-

117 2739 198 2820 tiat,
220 2759 311 2830 quas
332 2738 490 2829 poeticas
509 2757 594 2829 opes
619 2756 794 2828 usurpare
816 2735 948 2821 valeat,
974 2735 1105 2826 quibus
1132 2735 1269 2826 cogita-

116 2853 277 2923 tionibus
292 2852 387 2923 affici
403 2853 528 2934 soleat,
545 2874 615 2942 quo
630 2873 780 2923 moerore
800 2852 938 2942 lugere,
953 2852 1086 2942 quibus
1103 2852 1268 2941 volupta-

115 2967 217 3038 tibus
253 2968 444 3052 delectari,
487 2977 622 3058 quanta
662 2966 897 3037 admiratione
939 2966 1093 3053 moveri,
1137 2965 1270 3056 quibus

115 3083 425 3156 assentationibus
447 3091 612 3175 potentes
639 3082 773 3152 amicos
800 3084 980 3174 prosequi,
1007 3103 1077 3172 quo
1100 3081 1203 3151 modo
1230 3081 1268 3150 in

116 3199 223 3270 domo
242 3221 308 3270 sua
323 3200 417 3270 inter
437 3218 586 3269 uxorem
603 3197 880 3290 privignamquc
899 3198 1042 3291 degere,
1058 3219 1129 3288 qua
1153 3195 1269 3268 ambi-

111 3315 214 3385 tione
240 3314 404 3386 laborare
437 3314 604 3387 videatur
634 3338 641 3383 :
668 3335 749 3404 quae
777 3314 896 3384 omnia
921 3314 959 3384 in
989 3314 1163 3386 I'tcbct‘dc
1191 3335 1265 3384 non

112 3443 302 3523 apparent.

158 3549 250 3616 Cum
273 3547 392 3633 Statii,
417 3568 488 3616 non
508 3547 666 3618 Cleontis
690 3546 887 3616 Achillisve
912 3545 1108 3638 imaginem
1138 3544 1269 3618 ducere

110 3684 298 3748 conemur,
310 3662 428 3734 Silvas
438 3663 552 3754 igitur
561 3663 933 3757 percurremus.Qucd
941 3682 1026 3732 vero
1037 3663 1082 3734 ad
1092 3663 1268 3733 rationem

108 3801 237 3852 rerum
263 3779 578 3873 exprimendarum
606 3779 774 3873 pertinet,
800 3800 911 3869 quum
932 3799 1026 3872 saepe
1047 3779 1139 3850 etin
1159 3780 1267 3849 Silvis
1304 3853 1306 3856 ,
1380 3855 1382 3859 ,

108 3903 239 3965 utatur
277 3895 406 3967 iisdem
435 3895 563 3985 figuris
592 3894 908 3986 argumentisque,
944 3903 1051 3984 atque
1082 3895 1121 3964 in
1155 3894 1266 3986 epicis

106 4010 349 4098 carminibus,
377 4031 496 4082 nonne
517 4010 630 4102 liquet
647 4010 753 4081 Statii
769 4009 971 4100 ingenium,
993 4009 1102 4080 Silvis
1125 4010 1265 4101 perius-

103 4127 233 4214 tratiS,
254 4127 346 4197 bene
366 4125 508 4197 definiri
529 4127 708 4218 possem?

137 4297 178 4359 (i)
202 4297 260 4348 Jam
275 4296 432 4349 Lehanneur
448 4296 493 4358 (Dc
510 4295 599 4345 Pactu
614 4296 722 4361 Papinii
741 4297 824 4347 Statii
841 4297 896 4347 vita
912 4298 937 4346 et
953 4293 1073 4362 operibus
1093 4293 1260 4361 questiones.

101 4376 182 4439 1878,
201 4375 263 4446 Cap.
279 4378 311 4441 V)
326 4376 358 4433 de
372 4377 450 4427 Silvis
466 4377 581 4434 breviter
595 4375 728 4434 disseruit.
