3154 4970
765 373 925 436 ..64-

307 530 1419 625 AspicelucidamillamVesuviiflammasfumumquevomen-

265 647 312 720 tis
330 648 489 740 effigiem
507 671 515 717 :
1003 671 1005 676 ·

568 785 690 846 Fractas
705 782 838 850 Vesvius
853 784 952 864 egerit
966 783 1026 846 iras
1108 775 1110 782 ’

427 889 553 954 AEmula
566 891 732 954 Trinacriis
747 891 875 955 volvens
890 891 1032 954 incendia
1043 889 1188 952 flammis.

1033 994 1094 1079 (S.‚
1113 996 1165 1074 IV,
1179 1015 1222 1071 1v,
1236 994 1299 1076 79.)

311 1153 398 1219 Cum
412 1169 496 1221 vero
517 1149 642 1243 patriae
657 1171 732 1220 suae
751 1148 868 1221 solum
891 1147 1072 1232 describit,
1088 1145 1256 1240 quamvis
1275 1143 1423 1216 deorum

267 1266 434 1339 historias
474 1267 582 1338 nimis
622 1275 888 1354 commemoret,
922 1265 1088 1357 quamvis
1126 1263 1227 1356 parvi
1266 1261 1420 1344 intersit,

265 1385 441 1477 Neapolin
460 1383 659 1476 alugitivis
681 1382 858 1476 TroJ'anis,
881 1387 980 1476 Capy
1009 1381 1099 1453 duce
1127 1389 1163 1453 et
1184 1376 1350 1450 columba
1369 1376 1420 1445 lo·

267 1521 350 1569 cum
369 1500 562 1587 indicente,
584 1500 763 1570 conditam
778 1499 901 1582 luisse,
927 1521 1046 1571 nonne
1060 1508 1184 1569 tamen
1204 1494 1348 1567 venusti
1369 1500 1422 1562 at-

265 1639 334 1709 que
353 1617 473 1708 arguti
491 1624 576 1688 sunt
589 1620 666 1710 ejus
682 1638 824 1704 versus,
841 1617 972 1708 quibus
988 1638 1091 1688 suam
1105 1634 1256 1687 uxorem
1269 1611 1308 1682 in
1323 1614 1423 1681 Gam-

265 1735 411 1826 paniam
431 1734 632 1806 ducendam
652 1733 846 1826 alloquitur
868 1758 875 1802 :

390 1899 452 1961 Has
466 1917 523 1980 ego
538 1905 568 1960 te
584 1897 683 1974 sedes,
700 1915 774 1958 nam
790 1914 847 1958 nec
860 1896 937 1957 mibi
951 1896 1081 1959 barbara
1094 1897 1211 1960 Thrace
1314 1893 1317 1902 ’

388 2006 451 2068 Nec
464 2004 560 2086 Libye
572 2002 677 2066 natale
689 2002 801 2077 solum,
818 2002 983 2066 transferre
995 2004 1115 2080 laboro;

282 2139 284 2146 v
383 2113 469 2187 'Quas
485 2117 515 2174 et
529 2110 633 2172 mollis
648 2110 748 2172 hiems
763 2117 793 2173 ct
807 2110 918 2191 frigida
936 2109 1087 2193 temperat
1101 2117 1202 2184 aestas,

388 2219 471 2294 Quas
482 2217 606 2281 imbelle
618 2218 730 2281 fretum
746 2218 940 2300 torpentibus
956 2217 1046 2280 alluit
1061 2218 1164 2282 undis.

891 2343 893 2348 ’
979 2322 1041 2408 (S.‚
1058 2325 1114 2399 ΙΙΙ,
1132 2343 1163 2399 v,
1178 2323 1300 2406 8l,sq.)

312 2481 501 2550 Astrorum
518 2477 711 2548 scientiam
731 2481 914 2552 Musarum
933 2477 1037 2548 choro
1055 2475 1191 2568 antiqui
1211 2475 1422 2546 miscebant.

266 2595 556 2677 Quemhonorem
568 2593 665 2664 haud
677 2592 1422 2686 injusteeamobtinerefatendumest,cum

265 2734 312 2785 ex
326 2719 503 2783 astrorum
518 2710 665 2781 nomine
677 2717 740 2780 aut
751 2711 911 2781 historiis
927 2711 1079 2782 multum
1093 2711 1249 2804 leporem
1264 2709 1423 2780 carmina

265 2830 396 2923 saepius
413 2827 602 2919 accipiant.
618 2830 747 2899 Nonne
762 2827 799 2896 in
814 2827 975 2898 animum
992 2827 1159 2924 injiciunt
1176 2825 1297 2898 nescio
1317 2844 1424 2916 quem

265 2947 456 3016 obscurum
475 2944 729 3036 occultumque
745 2966 865 3016 rerum
884 2945 1090 3036 ignotarum
1109 2945 1304 3016 terrorem?
1318 2940 1424 3034 Apud

264 3061 430 3153 antiquos
454 3059 648 3131 accedebat
666 3066 706 3130 ut
732 3060 910 3152 religione
930 3067 1202 3152 percuterentur
1223 3077 1231 3128 :
1251 3058 1312 3130 ille
1338 3057 1423 3129 deos

264 3175 517 3262 venerabatur,
536 3174 597 3268 qui
617 3175 807 3246 stellarum
835 3175 1102 3247 multitudinem
1124 3175 1275 3268 coelique
1295 3174 1423 3244 imma·

263 3294 414 3364 nitatem
429 3291 685 3362 admirabatur.
704 3292 795 3372 Quid
810 3313 895 3363 vero
913 3292 1045 3363 mirum
1066 3292 1098 3363 si
1116 3291 1243 3383 religio
1258 3289 1422 3384 quaedam

263 3409 489 3480 astronomiae
508 3407 714 3493 misceatur,
735 3387 817 3478 cum
836 3408 928 3479 nihil
943 3408 1070 3480 melius
1088 3409 1248 3479 animum
1259 3407 1304 3478 ad
1328 3427 1425 3476 sum·

264 3547 341 3597 mos
356 3525 505 3619 piosque
514 3546 642 3595 sensus
661 3524 802 3607 evehat,
821 3547 930 3618 quam
944 3525 1160 3596 immensum
1174 3523 1262 3596 illud
1279 3522 1425 3595 stellan-

262 3643 310 3714 tis
337 3642 417 3714 eseli
444 3641 704 3735 spectaculum,
729 3663 814 3711 cum
834 3643 1056 3730 etiamnunc,
1079 3642 1247 3735 quamvis
1269 3639 1422 3732 Jupiter,

267 3763 458 3844 Saturnus,
482 3759 604 3831 Venus
624 3765 659 3830 et
678 3761 772 3828 Mars
793 3757 885 3828 nihil
903 3759 977 3828 sint
999 3757 1071 3830 nisi
1084 3758 1233 3829 nomina
1246 3765 1283 3829 et
1301 3757 1425 3828 inania

266 3873 452 3946 doctorum
468 3874 586 3966 signa,
601 3883 726 3966 poetas
746 3881 869 3946 tamen
892 3874 1058 3946 dulcibus
1073 3875 1250 3967 elatisque
1266 3871 1425 3944 motibus

270 3989 412 4063 allicere
426 3990 564 4062 soleant
581 4015 588 4061 :

428 4153 493 4218 Ohl
510 4154 656 4236 regardcz
673 4155 702 4218 le
716 4155 794 4219 ciell
812 4156 889 4222 Cant
904 4174 1025 4238 nuages
1040 4161 1206 4218 mouvauts

428 4261 612 4324 Amoncoles
623 4261 745 4326 lit-baut
760 4282 834 4327 sous
848 4261 876 4326 le
891 4261 1001 4328 soullle
1017 4263 1071 4326 des
1085 4269 1175 4326 vents
