3154 4970
751 357 910 428 ..50-

371 513 437 576 Elle
451 515 593 578 voudrait
606 515 716 596 plener
730 514 807 576 dans
822 513 939 577 l'ocean
954 517 996 577 du
1011 514 1105 578 ciel...

374 621 528 686 S'enivrer
542 621 664 689 diutini
678 620 818 684 d'amour
832 629 862 684 et
876 622 913 684 de
929 621 1060 684 lumibre
1146 651 1149 656 ·

372 729 411 789 Et
426 736 585 792 remonter
599 728 685 790 enfin
697 731 716 790 h
729 727 760 790 la
774 746 865 791 cause
879 729 1042 810 premiere.

298 867 434 960 Statius
452 910 537 980 vero
557 887 669 959 oculis
683 888 802 981 potius
826 910 934 980 quam
958 889 1079 960 animo
1104 898 1281 961 movetur.
1298 889 1409 958 Visne

252 1006 445 1078 subeamus
463 1005 573 1077 limen
592 1005 873 1098 splendidissimi
892 1006 990 1076 illius
1009 1005 1177 1088 tabulini,
1198 1006 1408 1077 sedeamus-

250 1143 320 1213 que
357 1143 467 1215 prope
506 1143 669 1193 mensam
706 1121 770 1191 ubi
811 1122 1073 1214 lepidissimum
1110 1122 1200 1193 illud
1240 1122 1407 1194 Herculis

250 1238 428 1330 sigillum,
459 1261 481 1309 a
510 1239 624 1310 Nonio
655 1237 804 1308 Vindice
834 1258 950 1331 nuper
972 1246 1158 1331 emptum,
1188 1237 1291 1308 nitet.
1318 1241 1407 1308 Cum

250 1365 346 1426 certe
373 1356 489 1426 Statio
522 1375 640 1447 neque
670 1355 808 1446 ingenii
842 1355 1025 1426 subtilitas
1055 1376 1172 1448 neque
1204 1353 1408 1427 liberalium

251 1474 383 1543 artium
411 1473 571 1544 studium
599 1471 732 1554 desint,
760 1472 951 1543 Herculem
981 1472 1084 1542 illum
1116 1494 1203 1544 sane
1233 1473 1406 1558 miratur,

250 1609 330 1660 eam
360 1610 443 1661 vero
471 1589 743 1660 admirationem
770 1589 916 1680 profert,
944 1611 1024 1680 quae
1052 1589 1264 1660 rhetoricam
1289 1591 1408 1681 potius

252 1727 360 1796 quam
375 1706 552 1777 sinceram
568 1706 679 1776 animi
696 1705 967 1776 delectationem
982 1706 1149 1778 redoleat.
1170 1708 1271 1775 Unus
1287 1715 1406 1776 tamen

249 1821 350 1893 locus
373 1827 516 1916 exejus
539 1822 760 1894 carminibus
779 1823 1025 1914 excerpendus
1045 1831 1112 1907 est,
1137 1845 1207 1915 quo
1229 1822 1269 1893 fit
1285 1833 1326 1891 ut
1349 1825 1406 1892 dci

250 1940 461 2030 magnitudo
476 1940 514 2009 in
530 1939 640 2030 sigilli
654 1935 833 2012 brevitate
847 1961 932 2010 vere
948 1939 1124 2010 sentiatur
1134 1941 1206 2030 (IV,
1216 1958 1266 2024 v1,
1281 1939 1322 2008 ta
1336 1941 1403 2031 sq).

253 2060 377 2126 Cetera
392 2077 477 2126 vero
494 2047 667 2147 poematis
686 2056 845 2126 carmina
860 2053 1156 2127 deorumfabulas
1174 2054 1406 2126 hominumve

252 2171 433 2259 historiae,
454 2171 689 2262 Herculisque
707 2173 833 2256 vitam,
859 2193 946 2262 quos
975 2171 1137 2241 dominos
1156 2170 1318 2262 sigillum
1338 2170 1404 2241 ha-

249 2287 368 2360 buerit
379 2289 438 2380 (l),
448 2310 527 2378 quae
542 2287 757 2371 Alexander,
776 2310 855 2379 quae
869 2287 1038 2373 Annibal,
1055 2309 1135 2388 quae
1149 2287 1252 2379 Sylla
1265 2289 1406 2379 egerint

250 2412 383 2490 narrat,
401 2404 489 2475 adeo
504 2413 544 2474 ut
558 2426 642 2474 mox
656 2405 763 2476 Nonii
776 2404 934 2475 Vindicis
950 2405 1128 2495 signume
1145 2411 1269 2476 nostra
1285 2411 1406 2475 mente

250 2520 432 2592 discedere
448 2521 551 2612 quasi
567 2528 728 2611 cogatur.
741 2521 808 2601 Qui
825 2541 952 2593 versus
968 2520 1073 2592 Statii
1087 2522 1266 2592 memoriae
1284 2522 1405 2616 potius

252 2657 360 2727 quam
373 2636 510 2728 judicio
529 2636 654 2706 honori
673 2645 771 2707 sunt.

295 2756 472 2824 Romanos
485 2752 639 2845 juvabat
653 2760 915 2844 cognoscereet
928 2774 1123 2825 memorare
1137 2755 1276 2846 eosqui
1292 2761 1400 2824 antea

250 2889 309 2939 res
320 2869 364 2939 ab
373 2869 461 2961 ipsis
470 2868 666 2959 acquisitas
674 2868 1206 2940 obtinuissent:antecessorum
1224 2868 1397 2941 memoria

247 2985 403 3077 pretium
425 2984 570 3076 insigne
595 2984 703 3056 rebus
727 2984 892 3068 addebat,
915 2985 947 3055 si
965 3008 1038 3078 qua
1057 2985 1213 3077 argilosa
1231 2986 1399 3078 lampade

248 3101 431 3193 Epictetus
449 3121 539 3171 usus
558 3101 696 3187 fuisset,
715 3110 778 3171 aut
797 3101 827 3170 si
848 3122 955 3193 quem
974 3102 1148 3172 annulum
1167 3102 1339 3174 Berenice
1355 3101 1402 3192 (2)

250 3217 363 3310 digito
380 3217 565 3309 gessisset,
582 3225 644 3288 aut
662 3219 781 3308 siqua
798 3226 972 3309 argentea
988 3219 1115 3310 pocula
1129 3219 1316 3313 Philippus
1329 3223 1405 3290 Ma-

247 3335 419 3406 cedonius
437 3336 483 3426 (3)
503 3334 692 3405 tenuisset.
710 3334 803 3404 Audi
822 3339 988 3419 Euctum,
1006 3336 1091 3407 dum
1111 3334 1298 3406 hiantibus
1316 3357 1405 3407 oon-

250 3450 346 3520 vivis
369 3451 495 3521 viuum
518 3448 558 3520 in
583 3471 708 3522 mensa
731 3450 914 3521 mucidum
938 3452 991 3536 fit,
1017 3460 1223 3522 narrantem
1248 3451 1295 3542 (l)
1323 3473 1404 3544 quae

252 3567 380 3660 pocula
397 3567 436 3638 in
454 3567 717 3638 Laomedontea
735 3587 860 3637 mensa
878 3567 1023 3655 fuerint,
1045 3588 1115 3659 quo
1142 3577 1279 3640 cratere
1302 3569 1405 3639 ferox

252 3685 404 3755 Rhaecus
433 3705 515 3755 cum
538 3683 701 3776 Lapithis
730 3683 855 3776 proelia
883 3683 1113 3770 commiserit,
1139 3685 1221 3775 quis
1247 3684 1406 3777 cyathus

253 3801 414 3873 Nestoris
446 3801 574 3894 pollice
606 3799 711 3869 tritus
745 3799 864 3885 fuerit,
886 3809 948 3870 aut
981 3823 1088 3893 quarn
1122 3810 1283 3892 pateram
1316 3801 1406 3871 Dido

284 4019 320 4080 (l)
336 4017 431 4071 Eadem
445 4017 478 4071 de
492 4018 543 4070 hoc
556 4016 645 4082 sigillo
660 4016 783 4069 ltarhalis
796 4016 876 4068 relert
895 4018 993 4082 (upra,
1007 4017 1050 4077 lx,
1067 4025 1130 4069 xurv
1144 4017 1170 4070 et
1183 4019 1254 4078 xcv).

286 4098 321 4161 (2)
335 4101 438 4154 Juvuu..
451 4100 494 4159 vl,
510 4101 565 4150 tto.

288 4179 322 4239 (3)
336 4179 416 4238 loia,
430 4175 484 4238 xli,
499 4179 540 4230 ta

288 4260 321 4322 (t)
335 4261 464 4320 Maurus,
479 4258 546 4321 vlll,
560 4260 584 4309 o.
