3154 4970
566 412 726 475 ..71-

95 569 231 640 lunante
246 593 278 640 a.
301 571 403 642 Sicut
422 573 561 643 amicus
575 573 691 644 Aulon
712 599 729 639 a
745 573 936 643 minimum
953 572 1114 644 Falernis
1129 569 1222 642 invi-

95 683 137 754 let
154 684 233 756 uvis
252 711 285 773 n,
308 689 340 758 si
354 688 483 759 Flacco
507 688 649 761 credere
663 688 815 780 dignum
831 697 887 760 est
903 689 981 780 (θά.
1006 691 1050 773 ΙΙ,
1074 706 1126 770 vi,
1149 687 1217 776 lt),

94 807 129 870 ta
147 799 184 872 in
199 803 300 873 Pollii
325 803 454 876 Felicis
470 805 558 875 villa
585 831 602 873 u
620 806 737 898 praelis
756 828 829 875 non
853 804 994 876 invidet
1012 825 1084 874 uva
1102 803 1222 874 Faler-

95 917 135 985 iis
149 943 165 982 »
187 919 314 1010 (S.,11,
331 939 368 1008 11,
388 922 434 1012 5).
454 922 558 1014 Apud
571 922 749 1006 Flaccum,
766 922 913 1015 quidam
931 921 1057 993 horreo
1079 919 1222 1014 proprio

95 1033 197 1103 :ondit
217 1036 423 1128 «quidquid
442 1039 485 1110 de
500 1038 646 1131 Libycis
665 1039 820 1111 verritur
837 1040 930 1110 areis
948 1059 989 1126 »3
1017 1035 1070 1108 sic
1093 1037 1131 1106 in
1151 1035 1225 1107 Sil·

95 1149 132 1219 u's
148 1150 284 1222 renidet
304 1177 322 1218 u
337 1154 510 1247 quidquid
524 1155 702 1226 messibus
717 1156 812 1228 Alris
828 1155 985 1227 verritur
998 1180 1030 1224 ».
1040 1189 1042 1196 r
1052 1151 1224 1236 Quamvis

95 1286 118 1332 n
138 1265 302 1337 omnihus
321 1268 378 1340 his
396 1268 483 1340 locis
498 1269 692 1341 verborum
710 1272 849 1364 species
865 1270 1013 1362 paulum
1029 1269 1226 1339 deformata

95 1381 141 1466 lt,
162 1389 319 1456 attamen
341 1385 521 1456 interdum
540 1387 718 1479 permulta
733 1388 889 1478 reperire
908 1387 1005 1472 licet,
1026 1407 1106 1477 quae
1124 1383 1227 1454 novi-

95 1520 159 1568 nus
182 1523 190 1570 :
216 1523 308 1592 quae,
322 1504 426 1574 *velut
441 1513 583 1576 veteres
608 1504 754 1586 amicos
778 1503 990 1574 salutamus,
1009 1506 1094 1572 Cum
1111 1498 1227 1571 Flavii

95 1636 169 1686 iuer
196 1617 370 1690 delicatus
395 1630 536 1691 tantum
566 1620 658 1692 nitet
691 1647 708 1686 a
733 1628 908 1711 quantum
936 1617 1104 1711 praecedit
1133 1617 1229 1686 clara

95 1731 236 1804 ninores
256 1718 356 1808 ¹luu'a
393 1736 489 1806 laces
505 1761 523 1804 »
549 1737 618 1824 (ot,
648 1739 693 1821 Il,
723 1755 775 1822 v1,
801 1737 871 1823 36),
901 1754 1020 1806 nonne
1045 1734 1167 1802 statim
1192 1733 1229 1800 in

95 1857 238 1919 nentem
253 1851 354 1920 venit
367 1852 502 1923 lulium
519 1852 608 1923 illud
623 1853 734 1939 sidus
757 1852 849 1943 quod
865 1851 974 1922 micat
990 1876 1008 1918 a
1025 1850 1125 1922 velut
1139 1848 1233 1918 inter

98 1985 186 2053 gnos
203 1965 291 2037 luna
310 1967 464 2040 minores
482 1973 524 2038 »l

127 2081 185 2151 Fit
213 2083 322 2153 etiam
356 2093 408 2167 ut,
440 2085 604 2176 neglecto
635 2086 826 2158 verborum
860 2094 995 2169 tenore,
1022 2084 1231 2155 universam

95 2220 206 2270 samen
226 2200 363 2291 periodi
387 2202 575 2294 cujusdam
599 2203 754 2296 speeiem
779 2225 821 2273 ac
848 2223 1016 2273 numeros
1039 2201 1234 2293 modosque

97 2317 255 2401 mitetur,
276 2316 328 2388 ita
349 2327 402 2404 ut,
427 2319 595 2412 perlectis
620 2320 785 2390 statianis
814 2319 1047 2392 carminibus.
1079 2319 1232 2389 alterum

95 2453 229 2503 :armen
264 2432 369 2504 nohis
400 2434 439 2505 in
470 2444 589 2506 mente
628 2435 736 2506 simul
772 2443 926 2507 resonet.
966 2434 1058 2504 Dum
1097 2435 1233 2505 Statius

96 2569 226 2620 ‚uream
242 2571 345 2620 suam
361 2551 640 2623 mediocritatem
654 2552 789 2638 laudat,
806 2551 975 2642 canitque
993 2579 1001 2621 :
1027 2625 1029 2628 ,

323 2723 393 2784 Non
409 2722 493 2783 millo
507 2722 614 2784 balant
627 2722 756 2803 lanigeri
769 2741 877 2803 greges

324 2828 386 2892 Neo
400 2847 493 2891 vacca
507 2829 588 2892 dulci
603 2829 702 2911 mugit
715 2829 866 2904 adultero,

97 3017 205 3068 ronne
223 2997 391 3068 Flaccum
410 2996 631 3069 recordaris:

326 3171 369 3231 Te
385 3189 495 3251 greges
508 3176 634 3231 centum
651 3168 817 3250 siculaeque
827 3169 940 3230 circum

325 3277 469 3358 Mugiunt
480 3277 599 3338 vaccae?

129 3446 301 3517 Permulti
312 3453 397 3515 sunt
406 3445 581 3538 ejusmodi
591 3444 671 3531 loci,
685 3466 774 3537 quos
785 3420 940 3538 amplius
951 3444 1125 3516 deducere
1135 3444 1238 3515 laoile

98 3569 151 3631 est.

128 3677 276 3759 Quoties
296 3677 404 3750 etiam
429 3677 577 3761 Statius,
603 3677 770 3769 quamvis
789 3698 856 3748 nec
884 3677 996 3748 verba
1018 3697 1085 3748 nec
1111 3697 1239 3747 versus

98 3813 153 3863 rec
187 3793 311 3863 modos
336 3812 551 3863 numerosus
572 3791 745 3879 imitetur,
775 3794 813 3860 in
833 3793 1090 3885 praeteritorum
1119 3800 1239 3864 tamen
1320 3781 1321 3786 ’

99 3910 303 4002 ‚criptorum
324 3908 532 3980 memoriam
553 3930 619 3978 nos
639 3908 750 3992 ducit,
765 3917 1238 3998 quorumargumenta,res‚

99 4026 361 4117 tententiasque
375 4026 502 4095 relertl
520 4027 611 4094 Dum
628 4023 772 4110 Pholoe,
788 4046 809 4094 a
829 4024 894 4094 deo
911 4026 1035 4114 fugata
1051 4024 1113 4114 qui
1133 4049 1149 4089 u
1163 4026 1237 4116 Jam

99 4141 216 4212 ›raedae
231 4142 323 4212 levis
338 4144 502 4214 imminet
518 4169 551 4227 u,
567 4163 676 4234 propa
690 4140 851 4210 fluminis
866 4141 980 4233 ripam
997 4141 1035 4211 in
1051 4144 1236 4234 platanum

99 4259 257 4343 uertitur,
274 4282 394 4332 nonne
409 4259 508 4330 dicas
531 4260 684 4331 Nasonis
705 4257 903 4352 nympham
925 4257 1022 4328 illam
1045 4278 1125 4329 esse
1146 4259 1236 4349 (Me-
