3154 4970
621 355 781 420 ..23-

129 538 207 604 ,rum
226 515 356 586 doloris
377 514 587 608 participem
605 514 717 586 fuisse
746 539 763 582 ι(
790 537 863 586 non
881 524 921 586 ut
944 536 1059 585 unum
1082 536 1102 587 e
1118 513 1224 584 turba
1241 538 1275 599 p,

134 652 195 702 nec
208 631 349 703 incante
360 634 502 722 jurares
517 651 601 703 eum
619 627 702 700 huic
718 631 816 723 operi
833 655 851 699 (ι
866 653 938 702 non
951 630 1056 722 quasi
1077 629 1275 701 officiosum

136 747 318 819 adsiluisse
337 773 353 812 i>
372 746 501 838 (Prot,
522 748 578 838 V).

176 863 278 948 Quin,
310 871 345 933 et
365 885 447 934 oum
470 862 548 956 ipse
575 863 620 934 de
646 863 802 955 propriis
823 862 1010 934 laboribus
1030 863 1126 934 dolet
1148 860 1278 953 gemit-

136 1001 212 1071 que,
232 1001 490 1072 nonnunquam
514 979 735 1065 dubitamus
767 980 978 1052 sincerusne
1006 981 1054 1051 sit
1075 983 1154 1072 ejus
1178 978 1276 1050 dolor

137 1118 180 1166 an
197 1096 315 1181 fictus,
335 1105 436 1168 tanta
454 1095 565 1167 animi
586 1095 848 1187 tranquillitate
864 1097 1005 1169 erudita
1019 1095 1185 1188 exempla
1203 1094 1279 1166 feli·

137 1233 263 1304 casque
283 1211 580 1304 amplificationes
607 1212 783 1282 extendit.
806 1216 899 1284 Ante
924 1213 1038 1306 patris
1058 1212 1188 1283 mortui
1208 1212 1280 1282 lec·

137 1337 223 1413 tum,
239 1329 384 1400 deorum
399 1328 568 1400 historias
584 1328 789 1399 recordatus
804 1328 920 1422 lepide
935 1311 1160 1423 disponebat,
1176 1328 1279 1419 quasi

137 1444 341 1517 memoriam
360 1452 501 1516 tantum
521 1465 623 1514 suam
647 1453 841 1531 exerceret,
859 1444 944 1515 dum
961 1448 1039 1536 ejus
1054 1453 1178 1538 pectus
1200 1465 1280 1532 gra·

136 1561 226 1632 viter
244 1561 340 1632 affici
356 1553 555 1653 oportebat.
738 1536 743 1550 ¹

179 1676 395 1782 Tristissimo
424 1676 519 1748 enirn
551 1697 703 1748 moerore
732 1677 927 1764 confectus,
947 1698 1013 1746 nos
1042 1677 1143 1747 docet
1171 1696 1280 1767 quare

136 1814 200 1862 sua
232 1792 312 1884 lyra
345 1792 461 1877 sileat,
492 1813 602 1883 quum
638 1817 654 1856 α
685 1793 763 1886 ejus
797 1793 913 1863 crines
939 1793 1111 1864 Parnasia
1146 1791 1280 1863 vellera

135 1905 292 1998 lugerint
310 1932 340 1977 o.
371 1911 464 1977 Dum
489 1915 572 1978 ante
594 1907 707 1999 patris
740 1907 919 1978 tumulum
946 1908 1073 1999 plorat,
1103 1906 1281 1998 externplo

136 2031 290 2095 mentem
329 2023 426 2094 subit.
452 2023 622 2095 memoria
647 2024 805 2109 Ascanii,
836 2027 948 2095 AEnea
976 2032 1075 2116 patre
1102 2023 1280 2108 defuncto,

135 2139 263 2210 Albam
290 2139 416 2211 urbem
435 2139 567 2210 ibidem
593 2139 794 2211 condentis!
817 2143 870 2209 En
891 2139 960 2232 ipsi
983 2140 1107 2210 vultus
1125 2138 1282 2210 lacrimis

136 2254 372 2326 suffunditur:
386 2254 580 2327 sicssevere
596 2255 748 2326 Icarium
759 2256 923 2347 Erigone,
936 2255 1038 2346 virgo
1048 2253 1280 2338 Marathonia,

122 2355 196 2443 'aut
210 2375 432 2464 Astyanacta
445 2371 691 2442 Andromache
706 2373 776 2462 (S.,
788 2375 830 2459 V,
846 2391 897 2458 111,
911 2373 979 2462 75).
995 2375 1048 2443 Ne
1060 2380 1182 2441 tamen
1196 2353 1283 2448 mm-

136 2509 252 2559 rorem
268 2509 374 2559 suum
383 2487 631 2558 communibus
643 2487 805 2579 tritisque
817 2488 941 2580 figuris
952 2488 1152 2580 exprimere
1161 2485 1284 2555 videa-

137 2614 209 2689 tur,
226 2604 332 2676 siccis
352 2605 463 2674 oculis
482 2612 679 2696 pacatoque
698 2603 815 2672 animo
835 2625 901 2673 nos
918 2603 1086 2673 admonet
1102 2611 1144 2676 'se
1161 2599 1283 2693 procul

137 2721 362 2821 abjecturum
384 2739 464 2790 esse
487 2728 539 2788 tot
558 2719 647 2789 istas
671 2728 811 2790 veteres
832 2719 1106 2811 explanationes
1128 2717 1166 2806 in
1182 2718 1285 2787 fune-

135 2837 262 2907 bribus
282 2835 502 2907 carminibus
520 2837 687 2928 usurpari
704 2834 829 2905 solitas
851 2853 860 2906 :
1034 2823 1049 2828 '‘

237 3018 316 3082 Nota
330 3017 425 3078 nimis
440 3015 514 3079 vati.
528 3017 605 3091 Quis
619 3034 683 3077 non
700 3016 732 3076 in
747 3015 855 3078 funere
869 3023 996 3078 cunctos

237 3124 400 3186 Heliadum
415 3142 518 3186 ramos
533 3123 758 3203 lacrimosaque
773 3124 912 3203 germina
927 3122 1024 3184 dixit?

181 3293 230 3363 Hi
258 3302 342 3363 sunt
364 3293 460 3364 enim
483 3292 612 3385 poetici
637 3291 768 3361 doloris
792 3291 874 3376 loci,
898 3291 1030 3383 quibus
1054 3293 1190 3361 Statius
1212 3297 1287 3357 tam

133 3430 233 3503 saepe
241 3410 293 3480 uti
304 3409 478 3494 assuevit,
489 3416 528 3479 ut
537 3431 602 3479 nos
619 3408 860 3479 admonendos
873 3416 1119 3493 esseoenseat,
1134 3406 1163 3476 si
1175 3399 1286 3476 semel

132 3526 342 3597 istiusmodi
357 3534 568 3596 ornamenta
584 3524 787 3614 neglexerit
808 3547 815 3592 :

240 3706 289 3766 Me
303 3704 468 3766 miserum!
484 3738 523 3750 —
535 3703 735 3785 nequeenim
753 3702 853 3764 verbis
869 3701 1048 3764 solennibus
1062 3700 1127 3764 ulla
1170 3723 1171 3728 ¹
1259 3703 1262 3710 '

241 3811 389 3891 Incipiam
404 3812 504 3874 nunni
944 3807 1005 3890 (S.,
1020 3810 1059 3884 V,
1074 3829 1104 3882 v,
1122 3806 1166 3888 t.)
1194 3840 1197 3848 ‹

181 3979 347 4051 Dolorem
359 4001 464 4049 suum
475 3979 611 4048 Statius
621 3977 743 4048 nimiis
755 3976 983 4060 clamoribus,
1000 3976 1109 4045 nimio
1120 3975 1287 4064 clangore

132 4096 320 4189 exprimit.
345 4098 456 4165 Tanto
482 4098 617 4184 furore,
649 4102 751 4165 tanta
770 4093 980 4192 incitatione
1000 4092 1126 4188 utitur,
1137 4098 1183 4176 ut
1199 4089 1288 4170 febri

132 4213 383 4306 quadamenm
400 4211 530 4301 agitari
547 4212 658 4282 dicas,
675 4213 754 4281 Non
770 4218 890 4280 tamen
905 4217 945 4278 ut
960 4206 1287 4279 omninorhetorica
