3154 4970
759 348 918 409 *62-

261 516 461 601 percenset‚
483 507 607 578 eadem
631 507 705 576 fere
728 525 870 598 semper
892 526 973 576 esse
987 505 1142 577 videtur.
1165 505 1328 598 Crispino
1348 508 1415 575 Ro-

262 646 358 695 mam
382 625 580 717 linquente,
604 622 815 714 locosndieit,
829 644 918 714 quos
932 622 1130 693 viatoribus
1145 623 1230 693 licet
1243 622 1415 692 invisere.

264 745 339 822 Quo
359 741 452 811 ibis?
970 768 971 771 ¹

403 922 574 984 Arctoosne
588 939 695 982 amnes
713 927 743 982 et
755 921 859 983 Rheni
873 922 968 984 fracta
981 921 1103 983 natabis

404 1027 561 1102 Flumina,
574 1047 613 1089 an
630 1027 770 1090 astiteris
784 1028 890 1110 Lihyae
906 1028 1031 1091 sudabis
1043 1029 1077 1090 in
1091 1028 1194 1090 arvis?

402 1139 454 1199 An
466 1136 543 1216 juga
557 1134 779 1200 Pannoniae...
797 1141 827 1196 et
841 1135 974 1198 cetera?

310 1308 424 1387 Quam
444 1303 572 1376 scriem
586 1303 730 1394 longius
749 1304 922 1396 producit,
943 1305 1074 1398 quippe
1091 1304 1154 1397 qui
1169 1311 1343 1375 terrarum
1362 1303 1418 1374 di-

266 1443 392 1494 versas
411 1420 577 1511 regiones
593 1419 723 1490 mirum
744 1420 782 1489 in
804 1421 948 1491 modum
967 1420 1120 1492 noverit.
1142 1424 1297 1491 Uxorem
1314 1441 1419 1492 suam

267 1537 447 1622 admonet,
469 1535 679 1606 mulieribus
695 1556 737 1607 ea
750 1537 831 1628 lege
844 1536 1041 1608 vivendum
1055 1558 1147 1621 esse,
1172 1545 1213 1608 ut
1227 1539 1420 1629 conjugem

266 1675 373 1724 suum
388 1653 490 1744 sequi
509 1652 676 1736 debcant,
692 1673 832 1743 quoquc
850 1658 919 1738 eat,
939 1675 957 1719 c
972 1659 1007 1723 et
1024 1652 1069 1723 ad
1083 1659 1199 1723 arctos
1215 1652 1365 1745 gelidae,
1384 1662 1421 1723 et

268 1791 378 1863 super
395 1771 490 1840 vada
513 1769 709 1859 caligantia
724 1769 867 1855 Thules,
893 1775 929 1840 et
953 1769 998 1839 ad
1017 1778 1124 1862 caput
1141 1771 1237 1841 haud
1254 1778 1420 1862 penetra-

269 1887 342 1957 hile
363 1886 436 1957 Nili
449 1911 481 1971 s,
503 1892 538 1956 et
557 1892 697 1957 caetera.
714 1885 783 1956 Ubi
803 1886 940 1956 occasio
956 1907 1035 1958 sese
1054 1886 1126 1973 dat,
1143 1908 1225 1959 ecce
1241 1897 1343 1973 vates
1357 1909 1421 1956 no-

270 2002 368 2072 mina
382 2002 574 2094 profundit,
596 2001 726 2093 quibus
746 2022 812 2072 sua
833 2002 1004 2072 memoria
1024 2004 1154 2075 referta
1176 2002 1418 2074 distenditur:

268 2119 404 2189 undam
422 2118 535 2202 dicas,
563 2119 602 2188 in
629 2119 850 2210 receptaculo
878 2120 1032 2212 quodam
1060 2141 1312 2213 compressam,
1342 2141 1422 2212 quae

272 2235 421 2306 scaturit
441 2234 627 2326 bullitque,
649 2236 771 2306 statim
788 2242 829 2304 ut
848 2235 984 2306 canalis
1003 2237 1174 2328 aperitur.
1195 2236 1327 2307 Eodem
1351 2236 1422 2326 igi-

270 2360 329 2421 tur
343 2351 459 2437 modo,
476 2352 685 2443 priusquam
698 2351 827 2422 Metius
844 2351 944 2423 Celer
962 2352 1000 2422 in
1018 2353 1160 2446 Syriam
1169 2352 1419 2445 proficiscitur,

274 2468 410 2538 Statius
426 2457 574 2559 jamjam
590 2467 753 2559 regiones
772 2476 947 2553 recenset,
965 2491 1055 2560 quas
1077 2469 1137 2541 ille
1160 2476 1356 2562 percurret,
1382 2489 1424 2538 aa

273 2583 476 2676 dequibus.
494 2587 642 2653 Romam
658 2604 835 2669 reversus,
857 2607 938 2656 cum
957 2593 1062 2678 poeta
1080 2608 1144 2656 suo
1161 2586 1382 2677 colloquetur
1412 2603 1421 2653 :

274 2697 441 2790 rapidum
467 2697 603 2768 scilicet
628 2697 848 2790 Euphraten,
879 2709 917 2770 et
938 2700 1038 2791 regia
1058 2705 1198 2787 Bactra,
1232 2719 1426 2790 sacrasque

272 2813 429 2906 antiquae
453 2812 648 2905 Babylonis
677 2833 776 2905 opeS,
799 2824 835 2885 et
863 2817 1041 2907 permulta
1059 2799 1136 2888 ¹alia
1158 2818 1249 2904 loca,
1272 2836 1425 2909 quorum

272 2930 420 3001 nomina
437 2937 557 3000 mente
576 2936 686 3000 tenet.

317 3049 392 3116 Hoc
409 3066 522 3115 unum
538 3044 583 3116 de
598 3053 650 3114 tot
668 3043 779 3143 variis
796 3047 897 3116 terris
917 3047 1087 3120 memoria
1104 3047 1309 3119 servavisse
1325 3046 1426 3119 vide·

272 3170 332 3232 tur
356 3186 364 3231 :
385 3163 452 3232 scit
473 3182 554 3252 quae
572 3161 725 3252 quisque
742 3162 843 3232 locus
866 3165 956 3236 ferat
975 3166 1231 3256 producatque,
1251 3185 1344 3257 quas
1367 3185 1425 3234 ar·

272 3279 377 3350 hores
398 3277 436 3349 hi
456 3277 587 3364 colant,
602 3299 693 3369 quas
711 3299 847 3352 messes
864 3281 918 3352 illi
932 3281 1084 3352 caedant.
1102 3286 1192 3354 Gum
1208 3280 1285 3352 haec
1306 3281 1427 3352 omnia

274 3395 421 3466 diversa
444 3393 529 3479 sint,
553 3413 706 3484 cumque

477 3573 548 3636 Non
562 3580 651 3635 terrae
666 3573 746 3636 ferre
760 3593 869 3638 omnes
883 3576 988 3638 omnia
1002 3577 1132 3658 possint,

275 3745 360 3817 indo
374 3743 415 3814 fit
433 3748 474 3813 ut
492 3742 628 3812 Statius
645 3742 749 3814 nobis
769 3745 843 3817 lere
854 3746 974 3817 omnia
984 3746 1238 3830 transmiserit,
1254 3769 1334 3839 quae
1350 3746 1427 3818 dis-

277 3881 357 3934 cere
374 3858 554 3954 possimus
579 3857 623 3928 de
647 3882 665 3926 «
681 3863 921 3933 commerciali
942 3863 1163 3957 geographia
1181 3889 1199 3933 >r
1219 3864 1273 3956 (ut
1290 3865 1427 3937 recenti

276 3976 386 4050 verbo
404 3977 496 4066 utar)
520 3973 613 4066 apud
636 3975 815 4067 antiquos.
838 3977 1031 4049 Noscimus
1050 3979 1145 4051 enim
1160 3979 1292 4072 quibus
1320 3988 1429 4074 atque

276 4093 373 4165 unde
395 4091 573 4183 excerptis
597 4092 748 4163 amomis
772 4095 943 4166 Priscillae
962 4095 1109 4167 bustum
1135 4105 1285 4168 unctum
1308 4096 1428 4168 imbu-

277 4219 426 4302 tumque
453 4207 572 4294 fuerit,
597 4208 636 4278 in
663 4231 733 4300 quo
767 4212 945 4304 stipantur
969 4231 1034 4284 ver
1066 4209 1228 4301 arabum,
1253 4215 1430 4307 floresque
