3154 4970
603 402 762 467 ..39-

632 564 808 647 Messesque
822 581 952 626 reversae

231 715 236 759 5
291 669 443 732 Dimisere
454 670 580 734 Forum.
595 671 659 735 Nec
670 671 735 752 jam
748 671 803 734 tibi
817 670 908 740 turba
920 687 1043 738 morum

291 776 463 850 Vestibulo,
479 778 664 860 querulique
674 786 785 860 rogant
798 779 880 841 exire
896 778 1036 845 clientes.

191 882 197 895 “
293 883 399 946 Cessat
412 885 534 947 centeni
548 884 733 948 moderatrix
744 884 856 967 judicis
869 885 968 948 hasta.

870 988 1000 1073 (S.,1v,
1015 1010 1058 1067 rv,
1073 992 1138 1073 39.)
1154 961 1156 966 Ι

162 1153 270 1232 Quam
296 1149 476 1237 accurate,
498 1172 607 1244 quam
631 1151 819 1242 ingeniose
849 1152 970 1222 omnia
1001 1151 1260 1243 circumspecta

118 1271 327 1360 notataque!
345 1270 457 1350 Quam
471 1267 593 1342 vivide
608 1269 727 1340 omnia
741 1272 932 1361 expressa!
950 1270 1105 1358 Quaeque
1120 1266 1261 1359 perspi-

118 1385 185 1455 cit:
198 1384 388 1458 sedrerum
406 1393 573 1464 naturam
587 1384 832 1476 rationemque
846 1385 937 1456 inire
951 1384 1049 1455 nullo
1067 1383 1260 1455 modoten-

118 1510 181 1574 tat.
201 1501 341 1576 colores
357 1501 454 1574 enim
478 1522 521 1572 ac
545 1503 658 1573 forma
680 1522 800 1573 rerum
819 1504 897 1593 ejus
918 1500 1039 1573 oculos
1058 1500 1259 1583 oblectant;

117 1618 260 1691 minime
285 1626 407 1689 tamen
436 1617 662 1689 animosum
693 1618 829 1689 moveri
854 1617 979 1709 liquet.
1009 1619 1125 1698 Quum
1154 1615 1198 1688 de
1222 1636 1261 1687 se
1378 1635 1380 1638 ·

114 1733 191 1825 ipso
205 1732 356 1804 scribit:
380 1733 486 1804 «huc
509 1734 636 1817 oculis,
661 1733 733 1804 huc
756 1740 875 1804 mente
900 1731 1054 1803 trahorn
1075 1732 1260 1836 demente

116 1847 215 1942 plura
234 1848 423 1943 promittit,
443 1871 552 1942 quam
572 1871 652 1942 quaa
673 1849 778 1920 nobis
798 1848 964 1920 ostendit.
983 1851 1080 1919 Rura
1099 1848 1184 1919 licet
1197 1856 1260 1918 aut

115 1966 212 2036 vicos
237 1973 300 2036 aut
327 1965 452 2037 urbem
476 1973 671 2058 percurrat,
697 1987 779 2038 eum
801 1965 998 2058 praesertim
1021 1973 1064 2037 ea
1082 1964 1258 2047 alliciunt,

115 2103 193 2175 quae
214 2081 326 2152 variis
350 2081 529 2153 coloribus
548 2082 694 2166 micant,
719 2103 799 2174 quaa
818 2081 1012 2173 trepidant,
1038 2080 1173 2151 saliunt
1198 2088 1259 2150 aut
1286 2137 1290 2145 .

114 2197 374 2290 quoquomodo
393 2206 595 2269 moventur.
612 2201 718 2268 Amat
737 2197 887 2290 pingere
904 2197 1132 2288 quadrivium
1150 2196 1260 2287 quod-

113 2313 209 2398 dam,
233 2321 295 2384 aut
318 2314 430 2400 viaco,
465 2322 529 2384 aut
551 2314 649 2384 cives
680 2315 718 2383 in
740 2314 803 2384 via
828 2313 1074 2404 conglobatae,
1105 2311 1259 2383 rusticos

112 2435 196 2499 ante
215 2428 386 2500 tabernas
401 2436 554 2501 stantes.
570 2428 686 2500 Amici
706 2428 868 2521 cujusvis
895 2427 1099 2500 tabulinum
1118 2428 1258 2520 ingres·

108 2566 183 2632 sus,
205 2544 356 2637 incipit:

327 2716 409 2791 Quid
423 2715 560 2797 primum
575 2715 752 2778 mediumve
766 2733 875 2777 canam
884 2715 926 2778 i..

324 2823 501 2885 Auratasae
513 2819 689 2889 urbest...

328 2931 379 2994 An
390 2929 554 3013 picturato
567 2929 701 2992 lucentio
715 2948 871 2994 marmora
884 2930 987 2993 vena?

105 3093 197 3162 Tum
229 3089 429 3182 exquisitas
453 3111 512 3162 res
544 3112 682 3176 omneS,
708 3091 825 3180 signa,
853 3090 1009 3175 tabulas,
1043 3112 1257 3188 marmoreos

103 3206 277 3299 parietes,
297 3206 385 3278 viva
405 3206 517 3277 variis
538 3206 654 3278 modis
671 3206 831 3292 metalla,
851 3207 954 3290 ebur,
977 3228 1150 3301 gemmas,
1171 3208 1258 3278 niti-

102 3323 192 3392 dum
212 3323 409 3396 reserentes
425 3343 509 3393 aera
523 3331 649 3406 testas,
662 3331 817 3408 asarota,
830 3322 986 3416 denique
999 3333 1129 3398 cuncta
1142 3324 1253 3404 videt,

102 3447 240 3510 cuncta
257 3438 416 3510 studiose
432 3460 474 3510 ac
494 3459 637 3509 summa
660 3437 730 3510 fide
750 3438 951 3530 perscribit,
973 3439 1067 3510 sicut
1081 3439 1256 3511 machinae

101 3554 177 3624 illae
204 3575 296 3644 qua,
322 3554 399 3625 sole
417 3557 584 3646 juvante,
601 3576 674 3647 prae
689 3575 728 3626 se
737 3555 896 3646 jacentia
910 3539 1036 3627 exacte
1051 3556 1252 3628 imitantur.

150 3669 288 3740 Idcirco
307 3690 416 3761 quam
435 3670 570 3753 multae,
598 3670 707 3740 variae
730 3671 970 3763 jucundaque
994 3680 1035 3741 ut
1060 3673 1112 3741 ita
1139 3671 1254 3742 dicam

103 3785 259 3871 tabulae,
295 3806 376 3877 quae
401 3787 518 3871 nobis,
546 3786 646 3858 velut
673 3787 710 3856 in
734 3788 883 3857 viatoris
911 3788 1096 3881 cujusdam
1119 3788 1253 3874 libello,

103 3901 329 3972 evolvendae
366 3901 466 3972 urbis
495 3903 660 3994 rurisque
694 3903 798 3994 quasi
830 3903 969 3994 effigies
998 3904 1252 3996 suppeditant:

101 4026 186 4088 tum
207 4026 386 4110 agrestem
401 4017 510 4089 situm
525 4019 703 4110 Apennini
723 4018 867 4102 montis,
889 4027 965 4089 tum
983 4020 1052 4090 viae
1067 4041 1146 4092 sese
1170 4021 1255 4093 ilec-

102 4133 221 4206 tentis
238 4134 425 4224 angulum,
436 4135 496 4206 vel
505 4136 647 4222 navitas
661 4136 699 4205 in
711 4135 873 4227 margine
887 4135 995 4206 maris
1005 4146 1255 4228 exspectantes

102 4250 224 4321 donec
251 4250 533 4341 proficiscantur,
558 4254 617 4321 vel
640 4252 764 4322 lunam
786 4252 880 4323 inter
900 4251 1043 4324 arbores
1063 4251 1254 4338 lucentem,
