3154 4970
581 368 742 434 ..45-

99 522 234 592 maluit!
255 527 376 617 Usque
396 525 533 596 adeone
558 525 749 600 defuerunt
770 524 893 594 scissis
913 524 1020 616 pillea
1040 534 1121 598 suta
1135 526 1179 598 de
1193 526 1243 606 la

97 637 218 722 cernis,
247 641 308 712 vel
345 641 533 730 mantelia,
562 641 734 712 luridaeve
771 661 935 733 mappae„
952 650 1014 714 aut
1047 662 1241 733 prunorum

99 755 219 842 globus
234 765 341 848 atque
362 762 608 830 cottanorum?
627 761 708 832 Nou
727 756 907 849 ellychnia
927 756 1045 828 siccat
1064 762 1144 844 Non
1160 759 1241 830 bul-

97 871 216 943 borum
238 875 392 946 tunicoel
416 879 497 950 Nou
510 874 650 947 lardum
669 874 792 959 breve,
817 872 995 944 debilisve
1018 879 1148 966 perna?
1162 879 1241 948 Non

97 989 146 1057 sal
173 1011 430 1082 oxyporumve,
455 1012 641 1076 oaseusve,
659 997 859 1081 caeteraque
879 988 993 1060 multa
1011 990 1171 1082 ejusdem
1188 993 1243 1063 fa-

96 1102 202 1173 rina?
229 1104 366 1187 Quibus
390 1107 482 1200 jocis
517 1105 654 1178 Statius
682 1105 890 1176 facultatem
917 1103 1015 1176 illam
1036 1097 1277 1193 adhibebat)

95 1241 162 1308 qua
179 1241 235 1291 res
259 1243 395 1306 omnes,
415 1222 672 1314 hominumque
694 1221 854 1305 habitus,
880 1241 923 1290 ac
942 1219 1097 1312 denique
1119 1222 1240 1308 omnia

95 1345 155 1404 aut
177 1337 444 1428 pulchritudino
467 1346 529 1410 aut
552 1338 712 1410 novitate
736 1344 799 1406 aut
821 1334 1026 1408 humilitate
1047 1336 1242 1430 conspicua

93 1460 212 1523 notare
229 1462 265 1525 et
281 1454 447 1526 versibus
462 1454 596 1526 imitari
609 1461 833 1526 assueverat.
1277 1435 1281 1444 ’

135 1570 220 1640 (lum
237 1569 351 1642 vitam
370 1570 515 1662 degeret
529 1571 623 1642 inter
639 1577 690 1641 tot
706 1569 883 1663 pictarum
897 1567 1102 1639 tabularum
1117 1567 1239 1660 signo·

91 1703 237 1776 rumque
271 1687 404 1777 peritos
441 1686 689 1778 studiososque
724 1693 904 1777 patronos,
947 1703 1095 1754 neeesse
1131 1683 1241 1754 fiebat

91 1799 487 1893 Statiumingenuarum
495 1798 1029 1893 liberaliumqueartiumstudio
1037 1798 1238 1889 indulgere,

90 1936 135 1985 ne
149 1916 275 1987 amieis
298 1918 463 2010 ingratus
478 1926 586 1990 esset.
607 1921 692 1998 Quae
720 1915 847 1986 saltem
868 1922 902 1986 et
926 1915 1045 2007 ipsum
1060 1913 1239 1987 delectare

89 2031 268 2104 videntur.
291 2035 437 2114 Quoties
456 2034 552 2107 enim
575 2033 675 2104 locus
689 2032 723 2106 ei
737 2032 841 2103 datus
868 2038 923 2102 est
944 2030 1079 2102 eximia
1097 2030 1240 2101 rarissi-

90 2149 318 2239 maqueartis
339 2149 502 2243 prodigia
523 2158 586 2220 aut
600 2147 802 2220 verecunde
825 2146 949 2238 digitis
968 2145 1159 2231 tractandi,
1177 2156 1240 2216 aut

88 2262 201 2334 oculis
230 2265 431 2338 mulcendi!
465 2271 520 2339 In.
535 2265 758 2358 amplissima
778 2263 1028 2353 ditissimaque
1049 2261 1113 2332 illa
1133 2262 1235 2350 urbe,

87 2401 177 2471 quas
200 2389 237 2452 et
250 2403 360 2472 quam
378 2381 634 2474 pulcherrimas
655 2401 712 2452 res
736 2379 857 2450 mirari
878 2377 1140 2464 acdescribere
1154 2378 1239 2450 licc-

87 2495 150 2565 bat
172 2496 406 2588 perlustranti
434 2506 487 2569 tot
512 2497 606 2568 aedes
632 2497 765 2568 eximia
796 2503 872 2567 arte
893 2493 1239 2588 pretiosissimisque

85 2611 223 2682 divitiis
247 2621 414 2698 ornatas;
447 2613 642 2705 inquibus
670 2612 863 2697 struendis,
895 2619 986 2682 teste
1016 2609 1151 2682 Seneca
1176 2609 1236 2701 (l),

84 2749 222 2820 pauper
250 2729 320 2800 sibi
344 2751 387 2801 ac
411 2729 575 2801 sordidus
599 2727 803 2810 videbatur,
828 2727 860 2796 si
890 2727 971 2818 quis
1004 2725 1240 2797 alexandrina

84 2864 263 2916 marmora
281 2845 481 2917 Numidicis
501 2844 632 2916 crustis
655 2844 826 2915 distincta
847 2863 955 2935 parce
967 2841 1148 2934 sunderet3
1167 2843 1238 2914 nisi

81 2960 240 3050 parietes
258 2962 403 3054 magnis
423 2968 459 3033 et
473 2962 639 3054 pretiosis
656 2960 803 3031 orbibus
818 2959 1051 3050 refulgerent,
1068 2958 1142 3028 uisi
1157 2980 1240 3050 ope-

81 3097 164 3146 rosa
188 3085 225 3149 et
251 3076 291 3147 in
312 3078 461 3171 picturae
489 3078 630 3149 modum
660 3077 802 3148 variata
833 3074 1046 3146 circumlitio
1080 3074 1239 3172 undique

81 3201 356 3286 praetexeretur;
382 3195 453 3265 nisi
475 3214 616 3265 camera
638 3193 732 3275 vitro
747 3191 1047 3273 absconderetur;
1073 3190 1145 3261 nisi
1160 3189 1238 3260 tha-

81 3307 156 3378 sius
172 3309 265 3402 lapis
284 3310 441 3382 triclinia
456 3310 710 3382 circumdaret!

125 3425 215 3505 Quis
231 3427 326 3496 furor
342 3426 387 3496 iis
404 3425 625 3519 temporibus
646 3424 775 3510 saeviit,
796 3445 924 3494 aurum
944 3443 1086 3513 araque
1109 3422 1147 3492 in
1172 3445 1234 3514 pa·

81 3540 236 3612 rictibus
259 3545 403 3635 profuse
425 3540 615 3634 largiendi,
640 3561 722 3610 cum
756 3540 932 3611 interraso
953 3558 1129 3609 marmore
1154 3559 1237 3608 ver-

81 3657 334 3751 miculatisque
351 3661 397 3731 ad
417 3657 555 3751 efligies
578 3676 698 3726 rerum
722 3665 758 3729 et
780 3655 990 3732 animalium
1011 3653 1156 3737 crustis,
1176 3654 1235 3725 vel

81 3776 238 3868 lapidem
260 3777 412 3871 pingere
427 3777 628 3869 'coepissent
649 3775 714 3866 (2)!
749 3776 834 3844 Haec
863 3772 959 3866 inter
982 3769 1236 3864 pinacothecas

81 3894 267 3966 veteribus
283 3895 416 3966 tabulis
435 3893 670 3977 consuebant,
687 3897 729 3962 ut
752 3889 803 3961 ait
816 3889 974 3975 Plinius;
987 3907 1007 3958 e
1021 3886 1114 3956 vitro
1133 3886 1236 3979 pavi-

81 4017 213 4096 menta,
230 4030 277 4081 ex
291 4010 412 4102 ophite
430 4011 615 4082 columnas
630 4007 782 4078 Arabico
797 4005 938 4099 onyche
952 4011 1014 4074 aut
1028 4000 1237 4074 alabastrite

109 4180 146 4243 (l)
164 4180 264 4245 Epist,
279 4191 390 4234 nxxxvr.
663 4255 666 4262 Δ

113 4269 151 4332 (Ξ)
170 4270 199 4322 G·
216 4269 298 4335 Phua,
314 4269 385 4320 llitt.
399 4272 470 4333 aot,
485 4267 587 4332 XXXV,
601 4277 619 4320 1.
