3154 4970
763 410 899 473 ..g-

301 575 386 652 Quae
401 591 487 642 vero
507 572 552 643 de
569 571 697 656 Statio,
714 578 838 641 nostra
858 570 1003 661 quidem
1023 568 1217 655 sententia,
1237 572 1318 662 jure
1339 591 1407 640 aes-

255 686 376 757 timari
395 687 551 780 possint,
572 686 732 759 breviter
751 707 991 778 exponemus.

300 805 376 873 Nec
407 803 453 874 de
477 822 517 874 re
545 801 792 894 grammatica,
815 822 883 873 nec
907 801 951 872 de
974 821 1014 872 re
1039 801 1180 894 poetica
1202 803 1248 894 (i)
1274 802 1405 873 dicturi

256 939 394 1003 sumus,
411 918 475 989 sed
494 917 602 988 fidam
619 917 723 990 Statii
751 917 908 1008 effigiem
935 916 1064 988 ducere
1083 915 1305 1000 conabimur,
1328 937 1405 1008 per-

256 1035 408 1104 scrutati
430 1034 608 1126 praecipue
625 1055 707 1126 quae
731 1034 770 1104 in
794 1033 906 1104 atlete
930 1031 1107 1118 senserit,
1123 1032 1327 1124 quibusque
1346 1052 1405 1101 ra-

254 1149 414 1220 tionibus
429 1171 531 1235 usus,
548 1150 709 1220 earmina
725 1171 791 1220 sua
805 1150 1000 1240 scripserit.

299 1267 525 1357 inquiremus
539 1264 657 1358 qualis
672 1267 815 1336 animus
826 1266 859 1336 ei
867 1266 986 1348 luerit,
1002 1266 1071 1336 rati
1082 1287 1164 1336 eum
1175 1264 1404 1336 abhorruisse

254 1382 465 1474 agravibus
484 1381 660 1474 elatisque
680 1380 972 1476 cogitationibus,
995 1381 1276 1474 ardentibusque
1299 1380 1406 1451 moti-

255 1499 324 1568 bus
352 1498 439 1584 iilis,
469 1500 532 1591 qui
559 1499 779 1570 concitatum
805 1498 966 1568 animum
994 1497 1167 1571 extollere
1194 1505 1230 1568 et
1258 1506 1407 1589 quatere

253 1613 385 1706 solent3
409 1615 514 1686 nobis
540 1636 626 1687 vero
649 1615 906 1706 quaerentibus,
933 1636 1023 1706 quos
1044 1635 1173 1688 sensus
1197 1614 1234 1684 in
1257 1620 1401 1708 pectore

254 1730 417 1822 gesserit,
454 1732 641 1824 apparebit
671 1731 820 1803 affectus
845 1731 1055 1816 mediocres,
1085 1730 1241 1801 humiles
1266 1738 1302 1800 et
1327 1729 1405 1824 ple-

253 1869 404 1939 rumque
422 1847 524 1918 fictos
555 1847 608 1918 illi
634 1849 759 1933 luisse,
784 1869 865 1919 cum
889 1867 1020 1940 nempe
1045 1868 1105 1918 eos
1132 1847 1270 1922 doctius
1299 1846 1404 1919 edere

252 1964 356 2049 sciat,
384 1984 492 2054 quam
515 1972 556 2034 ut
579 1965 779 2056 permoveri
802 1963 979 2035 videatur.
1004 1967 1118 2044 Quam
1139 1961 1242 2053 quasi
1263 1962 1403 2033 siccita-

255 2086 327 2149 tem
353 2079 475 2150 tristes
506 2079 652 2170 quidam
677 2079 867 2170 moestique
892 2100 1020 2151 versus
1047 2079 1092 2150 de
1114 2079 1301 2149 hominum
1326 2079 1403 2150 vita

254 2217 445 2287 rerumque
463 2205 594 2268 natura
612 2197 716 2268 nobis
733 2197 932 2268 ostendent.

296 2313 395 2384 Talia
409 2335 431 2383 a
446 2321 577 2385 natura
596 2314 751 2384 obtinuit
768 2337 775 2384 ε
795 2321 870 2384 tum
885 2333 1085 2404 quaeremus
1100 2333 1170 2404 quo
1187 2313 1302 2400 modo,
1328 2335 1401 2405 qua

252 2426 290 2497 in
320 2427 479 2519 regione,
509 2428 642 2522 quibus
670 2429 890 2522 temporibus
921 2427 1027 2500 fuerit
1060 2427 1247 2513 educatus,
1272 2450 1352 2519 quae
1380 2451 1402 2498 a

251 2552 352 2635 patre
373 2521 540 2617 didicerit
566 2569 573 2616 :
599 2546 682 2616 inde
705 2545 963 2638 intelligemus,
985 2543 1111 2636 quales
1127 2547 1204 2636 ejus
1221 2544 1403 2618 scribendi

251 2659 352 2730 dotes
372 2661 722 2756 consuetudinesque
739 2663 881 2733 suerint.

296 2777 396 2858 Quod
424 2777 520 2849 enim
538 2778 582 2848 ad
597 2786 710 2850 artem
731 2779 870 2861 attinet,
892 2778 1043 2869 liquebit
1063 2778 1218 2849 Statium
1237 2786 1400 2852 nostrum

252 2914 297 2964 ex
312 2894 512 2965 imitatione
527 2897 726 2965 Graecorum
742 2903 778 2966 et
793 2915 812 2966 e
827 2904 978 2988 paterna
996 2894 1173 2968 rhetorica
1191 2904 1298 2988 atque
1317 2917 1400 2967 eru-

250 3009 384 3080 ditione
412 3010 517 3101 plura
548 3010 710 3082 duxisse.
743 3015 832 3083 Cum
856 3032 985 3103 graves
1010 3010 1141 3083 mentis
1163 3011 1400 3103 cogitationes

250 3126 405 3216 elatique
423 3125 482 3197 vel
501 3125 639 3197 ilebiles
656 3126 785 3199 sinceri
806 3128 918 3197 animi
937 3129 1085 3198 affectus
1106 3127 1139 3198 ei
1159 3128 1289 3211 desint,
1309 3127 1397 3199 alias

250 3251 371 3313 tamen
389 3242 491 3334 dotes
506 3242 544 3312 in
560 3243 756 3314 condendis
773 3244 992 3315 carminibus
1011 3265 1082 3316 non
1102 3239 1281 3316 inurbane
1300 3244 1400 3315 adhi-

282 3427 315 3490 (i)
337 3427 472 3480 inlinitum
494 3429 536 3482 est
560 3441 627 3494 opus
650 3429 812 3484 edendorum
836 3429 1115 3496 emendandommque
1142 3431 1218 3485 statii
1240 3432 1399 3487 carminum.

249 3509 288 3558 iix
302 3519 354 3572 quo
371 3508 484 3571 Poggius
499 3509 594 3560 saeuio
618 3510 663 3562 iiv
686 3510 715 3562 in
739 3511 899 3562 monasterio
925 3510 1011 3564 sanci
1036 3510 1104 3564 Galli
1127 3513 1300 3577 archetypum
1321 3513 1397 3565 ilium

246 3598 321 3638 nune
335 3586 497 3651 deperditum
511 3591 670 3654 reppererat,
689 3601 725 3642 ex
740 3602 793 3654 quo
808 3591 924 3653 augelus
938 3591 1084 3643 Politianus
1094 3592 1238 3645 editionem
1253 3592 1397 3657 principem

245 3666 318 3719 dedit
332 3679 394 3720 ann.
410 3669 482 3724 itit,
509 3669 617 3732 plurimi
642 3671 726 3734 poeta
741 3670 899 3734 Napolitauo
919 3671 1029 3723 salutem
1045 3672 1181 3736 lucemque
1195 3671 1290 3725 1111111
1309 3675 1397 3726 conati

248 3748 318 3810 sunt,
341 3747 472 3800 Domitius
494 3747 655 3804 calderinus.
679 3748 803 3802 Politiaui
823 3750 1007 3814 adversarius,
1031 3751 1126 3803 deinde
1147 3752 1286 3816 Aventius,
1300 3753 1398 3818 quique

247 3827 357 3879 Aldinae
371 3829 538 3888 1111111111,
555 3839 619 3879 mox
636 3829 788 3882 Bernartius
801 3830 989 3893 Gevartiusque
1004 3834 1030 3881 et
1045 3831 1203 3893 Gronovius,
1216 3833 1273 3883 tum
1288 3831 1314 3882 ss
1334 3832 1396 3884 Bar-

246 3908 316 3958 111111
331 3908 356 3958 et
372 3906 480 3959 Guietus
499 3907 719 3972 Peyraredusque.
745 3908 845 3960 Deinde
869 3910 993 3962 Nicotaus
1017 3909 1148 3970 Heinsius,
1168 3911 1294 3962 ieremias
1309 3913 1395 3963 iiark-

245 3985 341 4037 iandus
356 3986 509 4038 leticissimo
523 3988 621 4051 ingenii
639 3988 763 4040 acumine
774 3988 883 4042 Statium
894 3990 1030 4042 enucleare
1040 3990 1158 4054 aggressi
1173 3993 1251 4051 suut;
1269 3992 1393 4055 praterea

245 4065 326 4117 muita
349 4065 463 4118 subeunt
484 4068 594 4119 nomina
615 4070 772 4134 eorum,qni
794 4069 915 4121 eumdem
948 4069 1066 4121 laborem
1088 4081 1235 4135 suscepere,
1263 4070 1390 4131 11111111,

245 4147 277 4196 0.
294 4146 414 4208 Ribbeck,
432 4147 545 4209 ittibner‚
563 4147 663 4206 Weber,
682 4149 780 4212 Queek,
797 4150 899 4201 Poister
923 4150 970 4215 qui
994 4150 1179 4202 testivissimes
1195 4149 1391 4202 emendationes

246 4227 390 4290 proposuit.
419 4226 492 4288 Quod
511 4228 543 4278 ad
566 4239 659 4281 versus
687 4229 831 4282 laudandos
857 4231 958 4290 attinet,
989 4231 1143 4296 plerumque
1167 4241 1226 4282 eam
1249 4231 1390 4282 lectionem

243 4306 455 4370 observavimus,
471 4319 549 4372 quam
566 4309 691 4360 Baebreus
707 4309 735 4362 tu
750 4309 864 4362 editione
876 4322 924 4362 sua
941 4311 1021 4374 (1871)
1038 4310 1119 4362 dedit.
