3154 4970
506 427 511 437 .
583 395 742 458 ..79-

94 541 228 614 clavem
260 544 317 616 bis
348 548 566 640 pulsaveris,
600 552 764 623 eumdem
798 568 926 620 sonum
966 549 1063 621 illico
1098 549 1235 621 reddet.

137 664 235 753 Saepe
250 663 360 733 etiam
375 687 444 755 quo
460 666 593 736 clarius
614 688 670 738 res
687 667 869 759 explanet,
884 666 1111 738 narrationes
1131 668 1239 758 longe

93 777 222 866 petitas
241 778 398 868 deducit,
420 782 608 874 inquibus
630 791 780 876 apparet
797 803 908 877 quare
932 783 1051 854 Atedii
1076 782 1237 854 Melioris

93 891 261 984 platanus
283 916 398 988 prona
422 897 461 968 in
488 898 604 968 undas
630 899 839 983 inclinetur,
862 898 1018 970 Pholoen
1037 896 1238 991 nympham

92 1011 187 1080 Pane
199 1020 401 1102 prosecuto,
419 1013 478 1084 vel
492 1015 665 1106 quomodo
684 1016 817 1101 Venus,
839 1018 1098 1106 Pergamenses
1113 1035 1235 1086 muros

95 1135 338 1215 praetervecta,
353 1130 561 1221 adspectum
575 1151 724 1222 puerum
739 1130 944 1223 quemdam,
957 1130 1078 1201 Amori
1094 1129 1235 1200 similli-

93 1264 203 1327 mum,
216 1243 254 1314 in
270 1245 353 1316 sinu
368 1246 497 1317 foverit
511 1247 679 1339 omnique
689 1247 851 1339 leporum
864 1255 971 1339 atque
986 1246 1236 1319 illecebrarum
1295 1310 1297 1316 ,

96 1379 226 1448 genere
269 1363 469 1449 ornaverit,
508 1384 578 1455 quo
619 1362 800 1456 pulchrior
836 1364 989 1433 Earinus
1032 1363 1234 1454 splendeat.

93 1476 306 1568 Priusquam
333 1478 444 1550 Stella
467 1479 707 1550 Violentillam
737 1499 883 1552 uxorem
906 1479 1017 1564 ducit,
1039 1480 1132 1550 inter
1150 1478 1235 1549 deos

92 1592 129 1662 in
164 1594 315 1687 Olympo
355 1595 469 1666 multa
500 1595 591 1666 fiunt
620 1597 679 1667 vel
712 1597 878 1668 dicuntur
913 1617 1063 1687 quorum
1094 1597 1236 1666 Statius

90 1708 234 1778 eximiis
257 1710 420 1780 versibus
441 1732 507 1780 nos
527 1710 716 1804 participes
741 1713 826 1782 facit
850 1714 891 1801 (Ι,
917 1731 956 1796 11,
979 1714 1017 1784 51
1046 1711 1111 1804 sq).
1134 1711 1233 1792 Quod

89 1824 291 1895 orationum
308 1848 329 1894 a
343 1827 436 1897 lictis
454 1828 614 1920 personis
629 1828 833 1898 habitarum
848 1850 963 1921 genus
983 1847 1078 1919 saepe
1096 1829 1234 1897 Statius

90 1949 251 2032 usurpat.
267 1945 362 2022 Quas
377 1943 472 2015 idem
491 1944 594 2015 nobis
610 1952 712 2014 tanta
726 1966 812 2015 cura
832 1953 1001 2037 tantaque
1013 1944 1165 2015 veritate
1178 1965 1233 2014 re-

89 2057 168 2143 fert,
190 2067 232 2128 ut
261 2078 343 2130 eum
370 2079 432 2130 eas
461 2065 583 2130 omnes
608 2077 753 2142 revera
775 2059 933 2144 audiisse
955 2082 997 2131 ac
1016 2059 1155 2130 Tironis
1174 2082 1236 2129 no-

91 2173 175 2243 tulis
195 2177 381 2267 excepisse
401 2179 516 2269 jures

132 2294 224 2361 Dum
255 2313 389 2363 aeneus
412 2293 602 2364 Domitiani
632 2314 747 2385 equus
770 2295 807 2363 in
835 2293 949 2364 medio
974 2294 1049 2363 foro
1074 2293 1231 2386 ponitur,

89 2407 298 2479 malleorum
333 2408 453 2478 sonitu
488 2430 529 2480 ac
562 2411 713 2481 stridore
741 2410 907 2491 turbatus
934 2409 1062 2479 Curius
1092 2409 1235 2480 sublato

90 2523 208 2616 capite
236 2532 395 2616 apparet,
425 2525 644 2618 immanique
676 2527 773 2616 signi
802 2524 1051 2616 magnitudine
1078 2524 1235 2618 primum

90 2640 294 2724 exterritus,
330 2662 413 2722 mox
441 2641 689 2735 imperatorem
720 2663 840 2722 suum
860 2642 1083 2733 recognitum
1111 2642 1234 2712 effusis

90 2755 212 2825 verbis
232 2755 382 2827 extollit.

131 2877 206 2943 Nec
218 2873 321 2944 Curio
337 2873 431 2944 cedit
440 2875 649 2960 Vulturnus,
662 2875 746 2945 dum
756 2894 863 2966 prope
878 2874 992 2966 ipsius
1006 2875 1236 2965 ripasDomi-

90 2988 227 3058 tianam
241 2989 341 3060 viam
355 2992 522 3061 muniunt
540 2992 609 3081 (IV,
625 3011 676 3076 111,
696 2992 751 3081 67)
771 3015 778 3060 :
896 2993 900 3002 '

309 3230 490 3296 ....Flavum
503 3239 594 3315 caput
608 3232 833 3313 humidumque
847 3229 909 3293 late

305 3339 443 3419 Grinem,
460 3337 605 3404 mollib'us
618 3339 783 3422 impeditus
797 3338 889 3414 ulvis,

307 3447 481 3511 Vulturnus
494 3446 575 3510 levat
588 3467 643 3511 ora
657 3447 855 3528 maximoque

308 3553 416 3616 Pontis
432 3555 571 3618 Caesarei
586 3554 709 3617 reclinis
722 3573 796 3616 arcu

306 3661 419 3724 Raucis
434 3661 506 3724 talia
520 3660 659 3724 lancibus
671 3659 834 3723 redundat.

130 3924 246 4001 Quam
277 3919 401 3992 vivida
437 3921 513 3991 haec
551 3919 709 3990 fluminis
747 3916 900 4010 speciae,
938 3918 1040 4007 cujus
1074 3914 1234 3998 Rhenus

91 4037 332 4129 paulominus
350 4037 495 4129 loquax,
513 4037 607 4130 apud
625 4037 787 4107 Bolaeum.
800 4057 871 4104 non
892 4033 1023 4104 oblitus
1037 4031 1121 4104 erit!
1222 4083 1226 4092 .

130 4158 208 4236 Qua
230 4153 270 4224 in
291 4155 353 4224 via
377 4153 581 4224 Domitiana
609 4153 785 4246 praecipue
809 4150 945 4222 Statius
968 4149 1146 4240 imagines
1165 4147 1236 4218 sibi

92 4271 223 4362 ingere
243 4269 409 4357 videtur,¹
429 4271 562 4365 quippe
585 4291 666 4340 cum
693 4269 839 4354 ibidem,
866 4267 972 4360 paulo
1000 4274 1093 4358 post,
1122 4286 1234 4358 appa—
