3154 4970
759 365 963 438 7-2o-ae

258 559 287 622 ῃΙ
313 521 410 592 Idem
430 522 490 593 ille
513 525 618 618 Hugo
643 544 758 618 quam.
777 524 942 594 festivam
957 543 1206 614 amoenamque
1225 500 1421 622 imaginem

169 720 171 728 Ι
270 657 459 731 puerorum
478 637 641 737 delicatis
656 639 825 712 membris
841 639 1043 711 ludentium
1063 639 1241 732 balbaque
1260 660 1422 737 murmu-

265 753 428 850 rantium
447 775 535 825 voce
553 754 844 848 repraesentavit!

431 932 457 996 ll
470 939 516 995 est
531 933 557 995 si
572 933 650 995 beau
663 931 793 996 l'enfant
802 952 874 996 avec
889 953 945 1014 son
961 935 1042 996 doux
1057 934 1185 1011 sourire,

431 1043 473 1104 Sa
487 1041 583 1103 douce
598 1040 701 1104 bonne
715 1042 768 1120 l'oi,
786 1060 818 1103 sa
833 1041 902 1103 voix
918 1042 970 1124 qui
984 1049 1057 1104 veut
1067 1049 1135 1104 tout
1149 1041 1225 1118 dire,

552 1148 607 1210 Sos
622 1146 726 1228 pleurs
740 1148 802 1210 vite
814 1147 945 1228 apricis,

432 1254 574 1317 Laissant
588 1274 671 1317 crrer
685 1274 717 1317 sa
731 1275 791 1318 vue
806 1257 937 1317 etennee
951 1261 980 1317 et
994 1255 1089 1333 navio,

433 1360 555 1424 Offrant
567 1362 604 1424 de
618 1369 702 1424 toute
716 1370 785 1443 part
800 1382 832 1425 sa
843 1364 939 1442 jaune
953 1364 1023 1426 ame
1033 1364 1051 1424 b
1062 1361 1092 1425 le
1105 1361 1166 1435 vio,

552 1469 590 1530 Et
604 1488 637 1531 se
647 1469 766 1531 boucha
775 1489 836 1531 aux
850 1468 979 1533 baisers.

318 1639 362 1705 Et
382 1637 525 1711 -.Statius
550 1637 721 1727 gracilem
750 1637 853 1708 illum
872 1637 1248 1730 jucundissimumque
1266 1637 1424 1730 leporem

261 1753 409 1858 amavit
428 1754 685 1846 descripsitque
704 1777 712 1823 :

264 1943 274 1956 ·
373 1923 467 1986 Oubi
482 1943 636 2005 purpureo
652 1924 788 1986 suffusus
802 1924 955 2004 sanguine
972 1924 1097 2000 candor,

262 2067 267 2081 ι
311 2036 314 2045 “
370 2030 548 2112 Sidereique
563 2030 651 2093 orbes
665 2031 843 2113 radiataque
857 2031 977 2093 lumina
989 2030 1075 2102 coelo,

262 2181 264 2184 .
374 2139 412 2200 Et
421 2139 578 2220 castigata
592 2138 718 2202 collecta
732 2139 884 2202 modestia
898 2137 1020 2215 frontis,

377 2246 571 2327 Ingenuique
581 2265 673 2327 super
686 2246 797 2324 crines,
810 2245 974 2328 mollisque
989 2247 1104 2309 decorae

339 2335 340 2338 Ἴ
375 2354 481 2434 Margo
495 2356 612 2417 comae‘l
626 2353 755 2416 Blandis
768 2355 896 2417 ubinam
911 2373 964 2416 ora
979 2361 1089 2435 arguta
1102 2353 1248 2434 querelis,

375 2459 545 2541 Osculaque
560 2460 699 2542 impliciti
713 2480 826 2524 vernos
840 2461 1011 2525 redolentia
1025 2461 1128 2536 flores,

374 2567 412 2628 ut
427 2566 533 2632 mixtae
546 2567 613 2629 risu
626 2566 777 2629 lacrimael

1067 2645 1129 2728 {S.‚
1145 2648 1185 2726 Il,
1202 2666 1224 2727 1,
1240 2648 1305 2729 tt.)

323 2805 454 2897 Aspice
490 2805 599 2876 etiam
634 2805 728 2876 hanc
763 2804 1032 2897 argutissimam
1059 2806 1427 2898 venustissimamque

278 2941 438 3006 scenam,
456 2918 542 2993 dum
566 2941 655 3013 puer
673 2922 803 2992 festive
821 2921 913 2992 ludit
929 2922 1092 3014 laetisque
1109 2920 1294 2992 blanditiis
1313 2922 1428 3020 domi-

276 3056 363 3106 num
378 3037 489 3107 allicit
511 3055 519 3105 :

396 3207 536 3288 lnccptas
552 3207 621 3289 quis
636 3208 674 3270 ab
687 3226 738 3269 ore
749 3207 841 3289 dapes
856 3206 1011 3289 libataque
1025 3209 1096 3270 vina

395 3314 523 3376 Auferet
537 3321 566 3376 ct
580 3313 662 3376 dulci
677 3315 813 3378 turbabit
826 3323 936 3378 cuncta
952 3316 1081 3397 rapina?

398 3421 474 3498 Quis
487 3422 658 3484 matutinos
673 3422 835 3504 abrumpet
850 3441 1010 3485 murmure
1025 3441 1149 3485 somnos

396 3529 566 3610 Impositus
582 3530 685 3591 stratis
697 3528 861 3611 abitusque
876 3530 1047 3593 morabitur
1060 3530 1135 3592 artis

395 3636 541 3716 Nutibus,
558 3645 650 3718 atque
664 3637 748 3718 ipsos
758 3637 911 3699 revocabit
925 3636 963 3700 ad
974 3635 1078 3700 oscula
1094 3640 1217 3719 postest

397 3743 515 3806 Obvius
526 3743 655 3806 intranti
669 3762 778 3806 rursus
790 3745 860 3826 quis
874 3744 907 3805 in
923 3763 977 3807 ora
991 3763 1166 3826 manusque

396 3851 552 3936 Rrosiliet,
566 3851 773 3933 brevibusque
785 3851 933 3914 humeros
946 3852 1151 3915 circumdabit
1167 3851 1276 3913 ulnis?

1066 3955 1128 4039 (S.‚
1141 3958 1182 4037 ll,
1196 3977 1218 4034 1,
1236 3959 1306 4040 60.)

323 4116 425 4187 Domi
453 4116 598 4208 gaudia,
623 4124 883 4210 parentumque
898 4138 1066 4203 amorem,
1092 4124 1329 4208 natorumque
1353 4117 1431 4189 ille·

280 4233 404 4303 cebras
421 4232 557 4304 Statius
576 4233 708 4304 eximie
722 4232 850 4325 pinxit.
869 4237 982 4316 Quam
996 4231 1132 4320 vivide,
1149 4254 1257 4324 quam
1271 4233 1433 4304 suaviter
