3154 4970
573 399 732 461 ..65-

297 557 457 638 Groupent
468 555 551 619 leurs
564 556 678 620 formes
691 558 880 634 inconnuas3

177 665 256 728 Seus
270 662 352 728 leurs
367 663 436 728 llots
450 684 505 747 par
516 671 672 730 momente
681 665 824 730 flamboie
839 685 884 729 un
897 663 968 747 pale
981 662 1085 740 deleir,

179 771 306 856 Comme
321 772 346 835 ei
357 774 453 836 toutd
467 793 546 856 coup
560 773 693 856 quelque
708 775 801 856 qdant
815 773 853 838 de
867 772 936 838 l'air

298 879 396 944 Tireit
405 876 461 944 sou
478 880 579 966 gleire
592 880 670 944 dans
683 880 728 943 les
740 898 829 944 nuos.

603 987 653 1070 (V.
671 988 770 1066 Hunc,
785 984 900 1050 Seleile
911 983 1106 1069 coactante.)

126 1145 253 1218 Omnia
270 1168 350 1239 qum
362 1147 403 1218 in
417 1147 505 1220 coelo
520 1154 583 1219 aut
598 1147 736 1240 spirant
747 1154 810 1217 aut
826 1151 1017 1224 moventur
1034 1151 1097 1215 aut
1111 1142 1231 1235 splen·

87 1261 180 1346 dent,
200 1272 364 1335 nontam
382 1265 603 1336 cruditorum
621 1285 730 1358 quam
752 1271 938 1356 poetarum
954 1261 1114 1333 animum
1134 1258 1232 1330 solli-

87 1378 197 1451 citant
216 1402 226 1452 t

284 1524 513 1589 L’areen-ciell
530 1524 754 1589 l'arc-en·ciell
770 1524 925 1608 Regardel

286 1633 415 1697 Comme
428 1633 451 1696 il
464 1633 629 1698 s'errondit
640 1652 699 1715 pur
712 1632 790 1695 dans
802 1631 885 1694 l‘airl

287 1738 367 1814 Qnel
378 1741 477 1804 trecor
490 1740 519 1804 le
533 1741 612 1804 Dieu
625 1739 688 1805 hon
702 1757 782 1803 nous
793 1737 887 1820 garde

287 1847 385 1929 Apres
398 1845 428 1909 le
441 1854 587 1912 tonnerre
602 1854 632 1909 et
646 1844 776 1910 l'eelairl

288 1955 355 2030 Qua
370 1954 406 2017 de
422 1954 491 2031 fois,
509 1955 635 2038 sphdres
646 1953 823 2032 eternelles‚

290 2063 363 2124 Mon
376 2062 445 2126 ame
460 2081 478 2124 a
493 2061 643 2124 demendd
659 2055 712 2125 des
726 2062 801 2125 eiles

288 2169 459 2253 Implorent
473 2169 606 2251 quelque
619 2169 760 2243 lthuriel,

288 2276 398 2339 Hdlesl
415 2295 494 2358 pour
507 2277 608 2339 saveir
621 2277 639 2338 d
651 2276 722 2359 quel
737 2276 851 2341 monde

290 2383 380 2446 Mene
393 2388 471 2446 cette
485 2383 598 2446 courbe
614 2382 775 2464 profunde,

290 2489 391 2554 Arche
401 2490 554 2554 immense
567 2489 643 2553 d’un
657 2496 734 2574 pont
747 2490 789 2554 du
803 2491 876 2555 ciell

808 2581 1119 2680 (proraeque.)

135 2757 231 2837 Quas
251 2758 477 2827 astronomiae
489 2755 678 2828 illecebras
693 2747 790 2849 apud
813 2757 979 2850 antiquos
995 2757 1178 2849 augebant
1190 2764 1243 2826 tot

92 2873 218 2964 lepidae
236 2873 476 2966 jucundaque
502 2871 651 2946 deorum
677 2874 896 2967 dearumque
919 2874 1062 2945 labulae.
1088 2872 1242 2958 Etenim,

94 2988 206 3060 stellis
230 3010 294 3081 per
314 2988 443 3060 coelum
455 2989 568 3060 tacite
587 2990 809 3076 labentibus,
827 2990 1054 3062 innumeram
1079 2997 1245 3061 notamm

95 3107 288 3198 igurarum
308 3105 577 3177 multitudinem
591 3107 807 3200 prospicere,
823 3115 861 3178 ct
880 3107 985 3177 modo
1004 3106 1123 3177 dulcia
1150 3127 1247 3200 quae·

97 3225 177 3293 lem
209 3224 410 3294 amantium
444 3223 644 3317 colloquia,
684 3224 788 3295 modo
826 3223 1050 3316 gementium
1090 3221 1246 3314 suspiria

98 3338 218 3411 tudirc
237 3339 307 3410 sibi
321 3338 555 3430 videbantur3
579 3340 692 3412 amico
711 3341 816 3412 vultu
833 3348 895 3411 aut
909 3339 1090 3412 submisso
1109 3337 1247 3410 lumine

100 3456 225 3528 lavam
254 3457 410 3529 Phoeben
438 3468 500 3528 aut
533 3461 710 3531 Venerem
743 3458 811 3536 sub
844 3448 949 3531 terris
986 3463 1247 3530 evanescentes

101 3573 317 3645 salutabant.

137 3690 241 3772 Quod
259 3698 437 3761 astrorum
456 3690 673 3763 lenocinium
692 3691 838 3792 Statius
856 3712 924 3764 nec
942 3691 1157 3786 dedignatus
1183 3712 1248 3770 nec

104 3806 229 3879 ›blitus
250 3815 318 3892 est,
339 3815 375 3878 et
410 3829 492 3879 cum
516 3808 617 3900 epica
645 3818 810 3900 poemata
833 3807 1021 3893 condebat,
1051 3807 1090 3878 in
1117 3807 1248 3898 quibus

106 3924 209 3998 lraeci
231 3945 315 3996 eum
333 3923 427 3995 hanc
442 3932 556 3996 artem
573 3925 779 4012 docuerant,
805 3932 841 3996 et
868 3946 951 3996 cum
974 3924 1033 3995 vel
1061 3923 1250 3995 humiliore

110 4060 261 4114 ermone
287 4060 345 4111 res
380 4041 627 4134 expromebat,
654 4063 745 4134 quas
786 4041 864 4114 sine
906 4050 1083 4112 astrorum
1116 4041 1250 4111 auxilio

109 4159 253 4229 trolerre
271 4156 416 4230 licebat.
439 4159 547 4230 Silvae
570 4158 637 4230 sub
654 4179 803 4230 corusce
822 4158 1007 4231 stellarum
1029 4157 1109 4229 luce
1132 4158 1250 4249 splen·

110 4282 179 4348 ient
202 4293 211 4343 ε
238 4272 514 4348 desiderandum
533 4283 654 4349 tamen
676 4284 744 4364 est,
770 4276 865 4347 vatis
885 4274 1045 4345 animum
1072 4295 1144 4342 non
1170 4274 1250 4344 coeli

1106 4411 1121 4458 s
