<?xml version="1.0" encoding="UTF-8"?>
<!DOCTYPE html PUBLIC "-//W3C//DTD XHTML 1.0 Transitional//EN"
    "http://www.w3.org/TR/xhtml1/DTD/xhtml1-transitional.dtd">
<html xmlns="http://www.w3.org/1999/xhtml" xml:lang="en" lang="en">
 <head>
  <title>
</title>
<meta http-equiv="Content-Type" content="text/html;charset=utf-8" />
  <meta name='ocr-system' content='tesseract 3.04.00' />
  <meta name='ocr-capabilities' content='ocr_page ocr_carea ocr_par ocr_line ocrx_word'/>
</head>
<body>
  <div class='ocr_page' id='page_1' title='image "./deppapiniistati00clargoog_0060.png"; bbox 0 0 3154 4970; ppageno 0'>
   <div class='ocr_carea' id='block_1_1' title="bbox 725 429 887 495">
    <p class='ocr_par' dir='ltr' id='par_1_1' title="bbox 725 429 887 538">
     <span class='ocr_line' id='line_1_1' title="bbox 725 429 887 495; baseline 0.037 -21"><span class='ocrx_word' id='word_1_1' title='bbox 725 463 765 474; x_wconf 85' lang='lat'><em>-</em></span> <span class='ocrx_word' id='word_1_2' title='bbox 787 429 887 495; x_wconf 74' lang='grc'><strong>54-</strong></span> 
     </span>
    </p>
   </div>
   <div class='ocr_carea' id='block_1_2' title="bbox 519 590 1104 1212">
    <p class='ocr_par' dir='ltr' id='par_1_2' title="bbox 531 590 982 672">
     <span class='ocr_line' id='line_1_2' title="bbox 531 590 982 672; baseline -0.009 -14"><span class='ocrx_word' id='word_1_3' title='bbox 531 593 656 658; x_wconf 83' lang='lat' dir='ltr'><strong>Venves</strong></span> <span class='ocrx_word' id='word_1_4' title='bbox 670 609 731 672; x_wconf 90' lang='lat' dir='ltr'><strong>que</strong></span> <span class='ocrx_word' id='word_1_5' title='bbox 744 590 842 654; x_wconf 80' lang='lat' dir='ltr'><strong>cherit</strong></span> <span class='ocrx_word' id='word_1_6' title='bbox 855 590 982 654; x_wconf 80' lang='lat' dir='ltr'><strong>Galette</strong></span> 
     </span>
    </p>

    <p class='ocr_par' dir='ltr' id='par_1_3' title="bbox 532 697 1013 889">
     <span class='ocr_line' id='line_1_3' title="bbox 532 697 1013 780; baseline -0.002 -17"><span class='ocrx_word' id='word_1_7' title='bbox 532 698 599 763; x_wconf 84' lang='lat' dir='ltr'><strong>Seit</strong></span> <span class='ocrx_word' id='word_1_8' title='bbox 612 699 654 763; x_wconf 93' lang='lat' dir='ltr'><strong>du</strong></span> <span class='ocrx_word' id='word_1_9' title='bbox 668 697 724 760; x_wconf 88' lang='lat' dir='ltr'><strong>leit</strong></span> <span class='ocrx_word' id='word_1_10' title='bbox 737 698 814 775; x_wconf 85' lang='lat' dir='ltr'><strong>d&#39;lo,</strong></span> <span class='ocrx_word' id='word_1_11' title='bbox 827 698 1013 780; x_wconf 81' lang='lat' dir='ltr'><strong>d’Ameltee,</strong></span> 
     </span>
     <span class='ocr_line' id='line_1_4' title="bbox 535 793 988 889; baseline -0.002 -18"><span class='ocrx_word' id='word_1_12' title='bbox 535 793 672 889; x_wconf 74' lang='lat' dir='ltr'><strong>Epeissir</strong></span> <span class='ocrx_word' id='word_1_13' title='bbox 685 805 732 870; x_wconf 86' lang='lat' dir='ltr'><strong>les</strong></span> <span class='ocrx_word' id='word_1_14' title='bbox 743 805 814 869; x_wconf 88' lang='lat' dir='ltr'><strong>flots</strong></span> <span class='ocrx_word' id='word_1_15' title='bbox 829 808 988 883; x_wconf 77' lang='lat' dir='ltr'><strong>ecumeux,</strong></span> 
     </span>
    </p>

    <p class='ocr_par' dir='ltr' id='par_1_4' title="bbox 534 912 1025 996">
     <span class='ocr_line' id='line_1_5' title="bbox 534 912 1025 996; baseline 0 -20"><span class='ocrx_word' id='word_1_16' title='bbox 534 915 573 976; x_wconf 81' lang='lat' dir='ltr'><strong>Et</strong></span> <span class='ocrx_word' id='word_1_17' title='bbox 587 915 695 978; x_wconf 81' lang='lat' dir='ltr'><strong>Sevree</strong></span> <span class='ocrx_word' id='word_1_18' title='bbox 709 913 804 976; x_wconf 90' lang='lat' dir='ltr'><strong>d’une</strong></span> <span class='ocrx_word' id='word_1_19' title='bbox 819 912 913 976; x_wconf 90' lang='lat' dir='ltr'><strong>molle</strong></span> <span class='ocrx_word' id='word_1_20' title='bbox 926 914 1025 996; x_wconf 83' lang='lat' dir='ltr'><strong>orgiis</strong></span> 
     </span>
    </p>

    <p class='ocr_par' dir='ltr' id='par_1_5' title="bbox 519 1019 965 1103">
     <span class='ocr_line' id='line_1_6' title="bbox 519 1019 965 1103; baseline 0 -19"><span class='ocrx_word' id='word_1_21' title='bbox 519 1035 521 1040; x_wconf 83' lang='grc'><strong>’</strong></span> <span class='ocrx_word' id='word_1_22' title='bbox 536 1021 688 1102; x_wconf 83' lang='lat' dir='ltr'><strong>Compose</strong></span> <span class='ocrx_word' id='word_1_23' title='bbox 701 1019 843 1084; x_wconf 79' lang='lat' dir='ltr'><strong>l&#39;elbttre</strong></span> <span class='ocrx_word' id='word_1_24' title='bbox 855 1020 965 1103; x_wconf 79' lang='lat' dir='ltr'>fragile</span> 
     </span>
    </p>

    <p class='ocr_par' dir='ltr' id='par_1_6' title="bbox 539 1127 1104 1212">
     <span class='ocr_line' id='line_1_7' title="bbox 539 1127 1104 1212; baseline 0.002 -20"><span class='ocrx_word' id='word_1_25' title='bbox 539 1129 588 1192; x_wconf 84' lang='lat' dir='ltr'><strong>on</strong></span> <span class='ocrx_word' id='word_1_26' title='bbox 603 1127 694 1192; x_wconf 85' lang='lat' dir='ltr'><strong>ldoke</strong></span> <span class='ocrx_word' id='word_1_27' title='bbox 708 1145 789 1191; x_wconf 87' lang='lat' dir='ltr'><strong>nous</strong></span> <span class='ocrx_word' id='word_1_28' title='bbox 801 1147 888 1192; x_wconf 85' lang='lat' dir='ltr'><strong>verse</strong></span> <span class='ocrx_word' id='word_1_29' title='bbox 901 1147 949 1192; x_wconf 84' lang='lat' dir='ltr'><strong>see</strong></span> <span class='ocrx_word' id='word_1_30' title='bbox 963 1127 1035 1191; x_wconf 79' lang='lat' dir='ltr'><strong>ieux</strong></span> <span class='ocrx_word' id='word_1_31' title='bbox 1048 1128 1104 1212; x_wconf 79' lang='lat' dir='ltr'><strong>(l).</strong></span> 
     </span>
    </p>
   </div>
   <div class='ocr_carea' id='block_1_3' title="bbox 233 1296 1392 2208">
    <p class='ocr_par' dir='ltr' id='par_1_7' title="bbox 233 1296 1392 2208">
     <span class='ocr_line' id='line_1_8' title="bbox 277 1296 1390 1391; baseline -0.003 -21"><span class='ocrx_word' id='word_1_32' title='bbox 277 1301 382 1370; x_wconf 92' lang='lat' dir='ltr'><strong>Nunc</strong></span> <span class='ocrx_word' id='word_1_33' title='bbox 411 1319 496 1371; x_wconf 87' lang='lat' dir='ltr'><strong>vero</strong></span> <span class='ocrx_word' id='word_1_34' title='bbox 522 1304 635 1390; x_wconf 83' lang='lat' dir='ltr'><strong>poctae</strong></span> <span class='ocrx_word' id='word_1_35' title='bbox 657 1298 772 1368; x_wconf 79' lang='lat' dir='ltr'>nostri</span> <span class='ocrx_word' id='word_1_36' title='bbox 805 1296 1070 1390; x_wconf 80' lang='lat' dir='ltr'><strong>prudentiorem</strong></span> <span class='ocrx_word' id='word_1_37' title='bbox 1095 1297 1390 1391; x_wconf 83' lang='lat' dir='ltr'><strong>callidioremque</strong></span> 
     </span>
     <span class='ocr_line' id='line_1_9' title="bbox 233 1395 1391 1509; baseline -0.003 -23"><span class='ocrx_word' id='word_1_38' title='bbox 233 1415 467 1509; x_wconf 73' lang='lat' dir='ltr'><strong>mythologie</strong></span> <span class='ocrx_word' id='word_1_39' title='bbox 481 1395 589 1486; x_wconf 91' lang='lat' dir='ltr'><strong>usum</strong></span> <span class='ocrx_word' id='word_1_40' title='bbox 604 1413 771 1485; x_wconf 87' lang='lat' dir='ltr'><strong>versibus</strong></span> <span class='ocrx_word' id='word_1_41' title='bbox 792 1413 964 1486; x_wconf 81' lang='lat' dir='ltr'><strong>adhibere</strong></span> <span class='ocrx_word' id='word_1_42' title='bbox 982 1414 1175 1508; x_wconf 90' lang='lat' dir='ltr'><strong>incipiunt,</strong></span> <span class='ocrx_word' id='word_1_43' title='bbox 1188 1415 1317 1486; x_wconf 89' lang='lat' dir='ltr'><strong>melius</strong></span> <span class='ocrx_word' id='word_1_44' title='bbox 1331 1412 1391 1484; x_wconf 89' lang='lat' dir='ltr'><strong>usi</strong></span> 
     </span>
     <span class='ocr_line' id='line_1_10' title="bbox 235 1529 1391 1627; baseline -0.003 -22"><span class='ocrx_word' id='word_1_45' title='bbox 235 1532 372 1627; x_wconf 90' lang='lat' dir='ltr'><strong>poetico</strong></span> <span class='ocrx_word' id='word_1_46' title='bbox 387 1533 448 1602; x_wconf 94' lang='lat' dir='ltr'><strong>illo</strong></span> <span class='ocrx_word' id='word_1_47' title='bbox 468 1530 648 1625; x_wconf 86' lang='lat' dir='ltr'><strong>exquisito</strong></span> <span class='ocrx_word' id='word_1_48' title='bbox 673 1529 880 1624; x_wconf 81' lang='lat' dir='ltr'><strong>illustrique</strong></span> <span class='ocrx_word' id='word_1_49' title='bbox 898 1532 1092 1604; x_wconf 86' lang='lat' dir='ltr'><strong>verborum</strong></span> <span class='ocrx_word' id='word_1_50' title='bbox 1121 1532 1391 1623; x_wconf 81' lang='lat' dir='ltr'><strong>figurarumque</strong></span> 
     </span>
     <span class='ocr_line' id='line_1_11' title="bbox 238 1647 1391 1743; baseline -0.004 -21"><span class='ocrx_word' id='word_1_51' title='bbox 238 1669 381 1743; x_wconf 84' lang='lat' dir='ltr'><strong>genere,</strong></span> <span class='ocrx_word' id='word_1_52' title='bbox 403 1651 507 1740; x_wconf 88' lang='lat' dir='ltr'><strong>cujus</strong></span> <span class='ocrx_word' id='word_1_53' title='bbox 526 1648 628 1740; x_wconf 84' lang='lat' dir='ltr'><strong>lepor</strong></span> <span class='ocrx_word' id='word_1_54' title='bbox 641 1647 849 1719; x_wconf 82' lang='lat' dir='ltr'><strong>etiamnunc</strong></span> <span class='ocrx_word' id='word_1_55' title='bbox 871 1658 1050 1741; x_wconf 86' lang='lat' dir='ltr'><strong>superest,</strong></span> <span class='ocrx_word' id='word_1_56' title='bbox 1075 1648 1241 1741; x_wconf 76' lang='lat' dir='ltr'><strong>quumvis</strong></span> <span class='ocrx_word' id='word_1_57' title='bbox 1267 1668 1391 1720; x_wconf 83' lang='lat' dir='ltr'><strong>esrum</strong></span> 
     </span>
     <span class='ocr_line' id='line_1_12' title="bbox 237 1763 1392 1858; baseline -0.006 -18"><span class='ocrx_word' id='word_1_58' title='bbox 237 1789 367 1840; x_wconf 88' lang='lat' dir='ltr'><strong>senens</strong></span> <span class='ocrx_word' id='word_1_59' title='bbox 382 1768 459 1858; x_wconf 81' lang='lat' dir='ltr'><strong>jam</strong></span> <span class='ocrx_word' id='word_1_60' title='bbox 472 1764 598 1837; x_wconf 92' lang='lat' dir='ltr'><strong>nullus</strong></span> <span class='ocrx_word' id='word_1_61' title='bbox 614 1763 673 1836; x_wconf 91' lang='lat' dir='ltr'><strong>sit.</strong></span> <span class='ocrx_word' id='word_1_62' title='bbox 690 1768 781 1836; x_wconf 87' lang='lat' dir='ltr'><strong>Ecce</strong></span> <span class='ocrx_word' id='word_1_63' title='bbox 799 1765 930 1837; x_wconf 92' lang='lat' dir='ltr'><strong>iterum</strong></span> <span class='ocrx_word' id='word_1_64' title='bbox 946 1771 1068 1837; x_wconf 84' lang='lat' dir='ltr'><strong>Musas</strong></span> <span class='ocrx_word' id='word_1_65' title='bbox 1091 1765 1276 1848; x_wconf 85' lang='lat' dir='ltr'><strong>invocent,</strong></span> <span class='ocrx_word' id='word_1_66' title='bbox 1287 1765 1392 1836; x_wconf 93' lang='lat' dir='ltr'><strong>dum-</strong></span> 
     </span>
     <span class='ocr_line' id='line_1_13' title="bbox 237 1881 1391 1976; baseline -0.004 -22"><span class='ocrx_word' id='word_1_67' title='bbox 237 1905 307 1976; x_wconf 88' lang='lat' dir='ltr'><strong>que</strong></span> <span class='ocrx_word' id='word_1_68' title='bbox 321 1883 409 1955; x_wconf 81' lang='lat' dir='ltr'><strong>lune</strong></span> <span class='ocrx_word' id='word_1_69' title='bbox 423 1891 619 1954; x_wconf 90' lang='lat' dir='ltr'><strong>trementes</strong></span> <span class='ocrx_word' id='word_1_70' title='bbox 638 1881 751 1952; x_wconf 81' lang='lat' dir='ltr'><strong>silvas</strong></span> <span class='ocrx_word' id='word_1_71' title='bbox 772 1881 852 1953; x_wconf 91' lang='lat' dir='ltr'><strong>luce</strong></span> <span class='ocrx_word' id='word_1_72' title='bbox 878 1881 1038 1975; x_wconf 82' lang='lat' dir='ltr'><strong>maligne</strong></span> <span class='ocrx_word' id='word_1_73' title='bbox 1051 1882 1233 1965; x_wconf 86' lang='lat' dir='ltr'><strong>illustrat,</strong></span> <span class='ocrx_word' id='word_1_74' title='bbox 1258 1883 1391 1951; x_wconf 84' lang='lat' dir='ltr'><strong>flavam</strong></span> 
     </span>
     <span class='ocr_line' id='line_1_14' title="bbox 238 1997 1389 2093; baseline -0.004 -23"><span class='ocrx_word' id='word_1_75' title='bbox 238 2000 339 2072; x_wconf 83' lang='lat' dir='ltr'><strong>illam</strong></span> <span class='ocrx_word' id='word_1_76' title='bbox 360 1997 518 2070; x_wconf 82' lang='lat' dir='ltr'><strong>Phoeben</strong></span> <span class='ocrx_word' id='word_1_77' title='bbox 540 1997 789 2085; x_wconf 84' lang='lat' dir='ltr'><strong>recordentur,</strong></span> <span class='ocrx_word' id='word_1_78' title='bbox 812 1998 852 2070; x_wconf 91' lang='lat' dir='ltr'><strong>iu</strong></span> <span class='ocrx_word' id='word_1_79' title='bbox 876 1999 1115 2093; x_wconf 82' lang='lat' dir='ltr'><strong>Endymionis</strong></span> <span class='ocrx_word' id='word_1_80' title='bbox 1140 2020 1202 2069; x_wconf 84' lang='lat' dir='ltr'><strong>ore</strong></span> <span class='ocrx_word' id='word_1_81' title='bbox 1227 2018 1389 2090; x_wconf 83' lang='lat' dir='ltr'><strong>pronam,</strong></span> 
     </span>
     <span class='ocr_line' id='line_1_15' title="bbox 241 2112 742 2208; baseline 0 -24"><span class='ocrx_word' id='word_1_82' title='bbox 241 2117 371 2186; x_wconf 90' lang='lat' dir='ltr'><strong>Amore</strong></span> <span class='ocrx_word' id='word_1_83' title='bbox 390 2135 508 2184; x_wconf 83' lang='lat' dir='ltr'><strong>ramos</strong></span> <span class='ocrx_word' id='word_1_84' title='bbox 523 2112 717 2208; x_wconf 77' lang='lat' dir='ltr'><strong>diducente</strong></span> <span class='ocrx_word' id='word_1_85' title='bbox 733 2136 742 2184; x_wconf 92' lang='lat'>:</span> 
     </span>
    </p>
   </div>
   <div class='ocr_carea' id='block_1_4' title="bbox 321 2293 1259 3130">
    <p class='ocr_par' dir='ltr' id='par_1_8' title="bbox 321 2293 1018 2376">
     <span class='ocr_line' id='line_1_16' title="bbox 321 2293 1018 2376; baseline -0.001 -19"><span class='ocrx_word' id='word_1_86' title='bbox 321 2295 349 2357; x_wconf 86' lang='lat'>0</span> <span class='ocrx_word' id='word_1_87' title='bbox 364 2294 495 2357; x_wconf 78' lang='lat' dir='ltr'><strong>Phoebtl</strong></span> <span class='ocrx_word' id='word_1_88' title='bbox 511 2295 541 2358; x_wconf 91' lang='lat' dir='ltr'><strong>le</strong></span> <span class='ocrx_word' id='word_1_89' title='bbox 555 2294 672 2376; x_wconf 84' lang='lat' dir='ltr'><strong>vallon,</strong></span> <span class='ocrx_word' id='word_1_90' title='bbox 687 2294 733 2358; x_wconf 89' lang='lat' dir='ltr'><strong>les</strong></span> <span class='ocrx_word' id='word_1_91' title='bbox 744 2293 812 2359; x_wconf 86' lang='lat' dir='ltr'><strong>bois</strong></span> <span class='ocrx_word' id='word_1_92' title='bbox 825 2302 855 2359; x_wconf 92' lang='lat' dir='ltr'><strong>et</strong></span> <span class='ocrx_word' id='word_1_93' title='bbox 866 2295 897 2358; x_wconf 84' lang='lat' dir='ltr'><strong>le</strong></span> <span class='ocrx_word' id='word_1_94' title='bbox 905 2295 1018 2358; x_wconf 91' lang='lat' dir='ltr'><strong>colline</strong></span> 
     </span>
    </p>

    <p class='ocr_par' dir='ltr' id='par_1_9' title="bbox 323 2402 1067 2485">
     <span class='ocr_line' id='line_1_17' title="bbox 323 2402 1067 2485; baseline -0.001 -18"><span class='ocrx_word' id='word_1_95' title='bbox 323 2404 476 2467; x_wconf 88' lang='lat' dir='ltr'><strong>Dorment</strong></span> <span class='ocrx_word' id='word_1_96' title='bbox 489 2402 675 2484; x_wconf 80' lang='lat' dir='ltr'><strong>enveloppte</strong></span> <span class='ocrx_word' id='word_1_97' title='bbox 690 2403 768 2467; x_wconf 85' lang='lat' dir='ltr'><strong>dens</strong></span> <span class='ocrx_word' id='word_1_98' title='bbox 781 2413 813 2466; x_wconf 82' lang='lat' dir='ltr'><strong>ts</strong></span> <span class='ocrx_word' id='word_1_99' title='bbox 826 2404 934 2485; x_wconf 86' lang='lat' dir='ltr'><strong>peleur</strong></span> <span class='ocrx_word' id='word_1_100' title='bbox 947 2403 1067 2480; x_wconf 89' lang='lat' dir='ltr'><strong>divine;</strong></span> 
     </span>
    </p>

    <p class='ocr_par' dir='ltr' id='par_1_10' title="bbox 323 2510 1259 2806">
     <span class='ocr_line' id='line_1_18' title="bbox 323 2510 1259 2593; baseline 0 -21"><span class='ocrx_word' id='word_1_101' title='bbox 323 2511 352 2573; x_wconf 87' lang='lat' dir='ltr'><strong>A</strong></span> <span class='ocrx_word' id='word_1_102' title='bbox 365 2510 456 2592; x_wconf 90' lang='lat' dir='ltr'><strong>peine</strong></span> <span class='ocrx_word' id='word_1_103' title='bbox 471 2529 511 2572; x_wconf 86' lang='lat' dir='ltr'><strong>eu</strong></span> <span class='ocrx_word' id='word_1_104' title='bbox 525 2510 595 2592; x_wconf 88' lang='lat' dir='ltr'><strong>pied</strong></span> <span class='ocrx_word' id='word_1_105' title='bbox 610 2512 663 2573; x_wconf 87' lang='lat' dir='ltr'><strong>des</strong></span> <span class='ocrx_word' id='word_1_106' title='bbox 677 2518 781 2575; x_wconf 86' lang='lat' dir='ltr'><strong>monte</strong></span> <span class='ocrx_word' id='word_1_107' title='bbox 795 2510 880 2575; x_wconf 88' lang='lat' dir='ltr'><strong>flotte</strong></span> <span class='ocrx_word' id='word_1_108' title='bbox 893 2531 937 2575; x_wconf 93' lang='lat' dir='ltr'><strong>un</strong></span> <span class='ocrx_word' id='word_1_109' title='bbox 953 2511 1039 2593; x_wconf 78' lang='lat' dir='ltr'><strong>leger</strong></span> <span class='ocrx_word' id='word_1_110' title='bbox 1051 2510 1259 2575; x_wconf 86' lang='lat' dir='ltr'><strong>hrouillerd...</strong></span> 
     </span>
     <span class='ocr_line' id='line_1_19' title="bbox 324 2616 1192 2700; baseline -0.002 -19"><span class='ocrx_word' id='word_1_111' title='bbox 324 2619 357 2682; x_wconf 87' lang='lat' dir='ltr'><strong>Si</strong></span> <span class='ocrx_word' id='word_1_112' title='bbox 372 2616 565 2700; x_wconf 86' lang='lat' dir='ltr'><strong>quelquefois</strong></span> <span class='ocrx_word' id='word_1_113' title='bbox 580 2616 608 2680; x_wconf 90' lang='lat' dir='ltr'><strong>le</strong></span> <span class='ocrx_word' id='word_1_114' title='bbox 623 2618 684 2681; x_wconf 91' lang='lat' dir='ltr'><strong>soir</strong></span> <span class='ocrx_word' id='word_1_115' title='bbox 698 2617 803 2700; x_wconf 83' lang='lat' dir='ltr'><strong>quand</strong></span> <span class='ocrx_word' id='word_1_116' title='bbox 817 2625 871 2680; x_wconf 86' lang='lat' dir='ltr'><strong>ton</strong></span> <span class='ocrx_word' id='word_1_117' title='bbox 886 2617 1039 2682; x_wconf 81' lang='lat' dir='ltr'><strong>tiembeuu</strong></span> <span class='ocrx_word' id='word_1_118' title='bbox 1050 2617 1192 2680; x_wconf 86' lang='lat' dir='ltr'><strong>s’allume</strong></span> 
     </span>
     <span class='ocr_line' id='line_1_20' title="bbox 325 2724 1143 2806; baseline -0.002 -16"><span class='ocrx_word' id='word_1_119' title='bbox 325 2727 393 2790; x_wconf 82' lang='lat' dir='ltr'><strong>&#39;lon</strong></span> <span class='ocrx_word' id='word_1_120' title='bbox 406 2732 513 2787; x_wconf 84' lang='lat' dir='ltr'><strong>amant</strong></span> <span class='ocrx_word' id='word_1_121' title='bbox 527 2733 557 2787; x_wconf 84' lang='lat' dir='ltr'><strong>te</strong></span> <span class='ocrx_word' id='word_1_122' title='bbox 572 2724 745 2806; x_wconf 87' lang='lat' dir='ltr'><strong>contemple</strong></span> <span class='ocrx_word' id='word_1_123' title='bbox 759 2731 854 2787; x_wconf 85' lang='lat' dir='ltr'><strong>event</strong></span> <span class='ocrx_word' id='word_1_124' title='bbox 867 2724 904 2787; x_wconf 87' lang='lat' dir='ltr'><strong>de</strong></span> <span class='ocrx_word' id='word_1_125' title='bbox 919 2724 1143 2791; x_wconf 85' lang='lat' dir='ltr'><strong>s’endormir...</strong></span> 
     </span>
    </p>

    <p class='ocr_par' dir='ltr' id='par_1_11' title="bbox 326 2830 1086 2914">
     <span class='ocr_line' id='line_1_21' title="bbox 326 2830 1086 2914; baseline -0.001 -19"><span class='ocrx_word' id='word_1_126' title='bbox 326 2833 374 2895; x_wconf 80' lang='lat' dir='ltr'><strong>&#39;lu</strong></span> <span class='ocrx_word' id='word_1_127' title='bbox 387 2831 454 2894; x_wconf 83' lang='lat' dir='ltr'><strong>n’ss</strong></span> <span class='ocrx_word' id='word_1_128' title='bbox 468 2851 548 2913; x_wconf 90' lang='lat' dir='ltr'><strong>pour</strong></span> <span class='ocrx_word' id='word_1_129' title='bbox 556 2830 586 2893; x_wconf 91' lang='lat' dir='ltr'><strong>le</strong></span> <span class='ocrx_word' id='word_1_130' title='bbox 598 2832 699 2893; x_wconf 84' lang='lat' dir='ltr'><strong>heiser</strong></span> <span class='ocrx_word' id='word_1_131' title='bbox 713 2850 772 2912; x_wconf 86' lang='lat' dir='ltr'><strong>que</strong></span> <span class='ocrx_word' id='word_1_132' title='bbox 786 2840 841 2893; x_wconf 91' lang='lat' dir='ltr'><strong>ton</strong></span> <span class='ocrx_word' id='word_1_133' title='bbox 855 2851 953 2914; x_wconf 87' lang='lat' dir='ltr'><strong>reyon</strong></span> <span class='ocrx_word' id='word_1_134' title='bbox 968 2833 1086 2907; x_wconf 86' lang='lat' dir='ltr'><strong>timide,</strong></span> 
     </span>
    </p>

    <p class='ocr_par' dir='ltr' id='par_1_12' title="bbox 325 2937 1156 3020">
     <span class='ocr_line' id='line_1_22' title="bbox 325 2937 1156 3020; baseline 0 -18"><span class='ocrx_word' id='word_1_135' title='bbox 325 2940 387 3016; x_wconf 85' lang='lat' dir='ltr'><strong>Qui</strong></span> <span class='ocrx_word' id='word_1_136' title='bbox 401 2958 471 3001; x_wconf 86' lang='lat' dir='ltr'><strong>vers</strong></span> <span class='ocrx_word' id='word_1_137' title='bbox 485 2937 531 3001; x_wconf 91' lang='lat' dir='ltr'><strong>lui</strong></span> <span class='ocrx_word' id='word_1_138' title='bbox 546 2937 726 3004; x_wconf 88' lang='lat' dir='ltr'><strong>mollemeut</strong></span> <span class='ocrx_word' id='word_1_139' title='bbox 741 2938 833 3020; x_wconf 83' lang='lat' dir='ltr'><strong>glisse</strong></span> <span class='ocrx_word' id='word_1_140' title='bbox 849 2937 926 3002; x_wconf 88' lang='lat' dir='ltr'><strong>dens</strong></span> <span class='ocrx_word' id='word_1_141' title='bbox 941 2938 1010 3002; x_wconf 86' lang='lat' dir='ltr'><strong>l&#39;air</strong></span> <span class='ocrx_word' id='word_1_142' title='bbox 1029 2938 1156 3002; x_wconf 89' lang='lat' dir='ltr'><strong>humide</strong></span> 
     </span>
    </p>

    <p class='ocr_par' dir='ltr' id='par_1_13' title="bbox 327 3045 1071 3130">
     <span class='ocr_line' id='line_1_23' title="bbox 327 3045 1071 3130; baseline -0.001 -19"><span class='ocrx_word' id='word_1_143' title='bbox 327 3048 365 3111; x_wconf 83' lang='lat' dir='ltr'><strong>lli</strong></span> <span class='ocrx_word' id='word_1_144' title='bbox 380 3065 435 3110; x_wconf 84' lang='lat' dir='ltr'><strong>rur</strong></span> <span class='ocrx_word' id='word_1_145' title='bbox 448 3065 482 3109; x_wconf 86' lang='lat' dir='ltr'><strong>su</strong></span> <span class='ocrx_word' id='word_1_146' title='bbox 496 3046 579 3110; x_wconf 72' lang='lat' dir='ltr'><strong>livre</strong></span> <span class='ocrx_word' id='word_1_147' title='bbox 589 3046 660 3128; x_wconf 85' lang='lat' dir='ltr'><strong>ptle</strong></span> <span class='ocrx_word' id='word_1_148' title='bbox 674 3045 777 3129; x_wconf 85' lang='lat' dir='ltr'><strong>expire</strong></span> <span class='ocrx_word' id='word_1_149' title='bbox 792 3045 993 3110; x_wconf 79' lang='lat' dir='ltr'><strong>sanstemoin</strong></span> <span class='ocrx_word' id='word_1_150' title='bbox 1009 3046 1071 3130; x_wconf 65' lang='grc' dir='ltr'><strong>(Ξ).</strong></span> 
     </span>
    </p>
   </div>
   <div class='ocr_carea' id='block_1_5' title="bbox 247 3224 1406 3899">
    <p class='ocr_par' dir='ltr' id='par_1_14' title="bbox 247 3224 1406 3899">
     <span class='ocr_line' id='line_1_24' title="bbox 291 3224 1402 3317; baseline -0.004 -19"><span class='ocrx_word' id='word_1_151' title='bbox 291 3229 346 3298; x_wconf 92' lang='lat' dir='ltr'><strong>Ne</strong></span> <span class='ocrx_word' id='word_1_152' title='bbox 359 3225 441 3317; x_wconf 89' lang='lat' dir='ltr'><strong>quis</strong></span> <span class='ocrx_word' id='word_1_153' title='bbox 459 3224 564 3295; x_wconf 93' lang='lat' dir='ltr'><strong>nobis</strong></span> <span class='ocrx_word' id='word_1_154' title='bbox 592 3224 734 3295; x_wconf 79' lang='lat' dir='ltr'><strong>crimini</strong></span> <span class='ocrx_word' id='word_1_155' title='bbox 756 3224 923 3317; x_wconf 87' lang='lat' dir='ltr'><strong>imputet,</strong></span> <span class='ocrx_word' id='word_1_156' title='bbox 944 3224 976 3295; x_wconf 90' lang='lat' dir='ltr'><strong>si</strong></span> <span class='ocrx_word' id='word_1_157' title='bbox 991 3245 1149 3296; x_wconf 80' lang='lat' dir='ltr'><strong>emoenos</strong></span> <span class='ocrx_word' id='word_1_158' title='bbox 1176 3225 1257 3295; x_wconf 91' lang='lat' dir='ltr'><strong>illos</strong></span> <span class='ocrx_word' id='word_1_159' title='bbox 1272 3243 1402 3295; x_wconf 85' lang='lat' dir='ltr'><strong>versus</strong></span> 
     </span>
     <span class='ocr_line' id='line_1_25' title="bbox 247 3340 1400 3432; baseline -0.004 -17"><span class='ocrx_word' id='word_1_160' title='bbox 247 3342 488 3427; x_wconf 85' lang='lat' dir='ltr'><strong>retulerimus,</strong></span> <span class='ocrx_word' id='word_1_161' title='bbox 505 3341 673 3432; x_wconf 83' lang='lat' dir='ltr'><strong>quemvis</strong></span> <span class='ocrx_word' id='word_1_162' title='bbox 694 3362 716 3411; x_wconf 85' lang='lat' dir='ltr'><strong>e</strong></span> <span class='ocrx_word' id='word_1_163' title='bbox 739 3341 853 3411; x_wconf 80' lang='lat' dir='ltr'><strong>Statio</strong></span> <span class='ocrx_word' id='word_1_164' title='bbox 876 3362 942 3411; x_wconf 89' lang='lat' dir='ltr'><strong>nos</strong></span> <span class='ocrx_word' id='word_1_165' title='bbox 971 3340 1158 3432; x_wconf 82' lang='lat' dir='ltr'><strong>paululum</strong></span> <span class='ocrx_word' id='word_1_166' title='bbox 1181 3341 1400 3413; x_wconf 84' lang='lat' dir='ltr'><strong>deflectunt:</strong></span> 
     </span>
     <span class='ocr_line' id='line_1_26' title="bbox 250 3456 1405 3550; baseline -0.003 -20"><span class='ocrx_word' id='word_1_167' title='bbox 250 3468 409 3530; x_wconf 81' lang='lat' dir='ltr'><strong>attamen</strong></span> <span class='ocrx_word' id='word_1_168' title='bbox 420 3478 541 3529; x_wconf 92' lang='lat' dir='ltr'><strong>nonne</strong></span> <span class='ocrx_word' id='word_1_169' title='bbox 556 3465 608 3527; x_wconf 92' lang='lat' dir='ltr'><strong>tot</strong></span> <span class='ocrx_word' id='word_1_170' title='bbox 622 3466 787 3550; x_wconf 83' lang='lat' dir='ltr'><strong>poemate</strong></span> <span class='ocrx_word' id='word_1_171' title='bbox 801 3456 1006 3528; x_wconf 90' lang='lat' dir='ltr'><strong>istiusmodi</strong></span> <span class='ocrx_word' id='word_1_172' title='bbox 1026 3457 1073 3549; x_wconf 87' lang='lat'><strong>(3)</strong></span> <span class='ocrx_word' id='word_1_173' title='bbox 1091 3458 1285 3528; x_wconf 90' lang='lat' dir='ltr'><strong>ostendunt</strong></span> <span class='ocrx_word' id='word_1_174' title='bbox 1295 3479 1405 3550; x_wconf 84' lang='lat' dir='ltr'><strong>quem</strong></span> 
     </span>
     <span class='ocr_line' id='line_1_27' title="bbox 250 3572 1402 3667; baseline -0.003 -20"><span class='ocrx_word' id='word_1_175' title='bbox 250 3575 402 3647; x_wconf 84' lang='lat' dir='ltr'><strong>feliciter</strong></span> <span class='ocrx_word' id='word_1_176' title='bbox 421 3595 463 3644; x_wconf 86' lang='lat' dir='ltr'><strong>ec</strong></span> <span class='ocrx_word' id='word_1_177' title='bbox 472 3573 632 3667; x_wconf 89' lang='lat' dir='ltr'><strong>jucunde</strong></span> <span class='ocrx_word' id='word_1_178' title='bbox 647 3573 753 3644; x_wconf 81' lang='lat' dir='ltr'><strong>liceat</strong></span> <span class='ocrx_word' id='word_1_179' title='bbox 772 3572 932 3664; x_wconf 84' lang='lat' dir='ltr'><strong>antiquis</strong></span> <span class='ocrx_word' id='word_1_180' title='bbox 954 3572 1036 3659; x_wconf 85' lang='lat' dir='ltr'><strong>diis,</strong></span> <span class='ocrx_word' id='word_1_181' title='bbox 1063 3574 1123 3644; x_wconf 84' lang='lat' dir='ltr'><strong>vel</strong></span> <span class='ocrx_word' id='word_1_182' title='bbox 1142 3582 1265 3645; x_wconf 85' lang='lat' dir='ltr'><strong>nostre</strong></span> <span class='ocrx_word' id='word_1_183' title='bbox 1283 3580 1402 3659; x_wconf 82' lang='lat' dir='ltr'><strong>aetete,</strong></span> 
     </span>
     <span class='ocr_line' id='line_1_28' title="bbox 254 3688 1404 3784; baseline -0.003 -22"><span class='ocrx_word' id='word_1_184' title='bbox 254 3691 299 3762; x_wconf 80' lang='lat' dir='ltr'><strong>ed</strong></span> <span class='ocrx_word' id='word_1_185' title='bbox 326 3699 449 3784; x_wconf 82' lang='lat' dir='ltr'><strong>poetes</strong></span> <span class='ocrx_word' id='word_1_186' title='bbox 476 3699 615 3760; x_wconf 88' lang='lat' dir='ltr'><strong>nostros</strong></span> <span class='ocrx_word' id='word_1_187' title='bbox 640 3688 812 3761; x_wconf 83' lang='lat' dir='ltr'><strong>accedere</strong></span> <span class='ocrx_word' id='word_1_188' title='bbox 832 3689 905 3780; x_wconf 74' lang='lat' dir='ltr'><strong>(dtr</strong></span> <span class='ocrx_word' id='word_1_189' title='bbox 931 3691 1045 3770; x_wconf 86' lang='lat' dir='ltr'><strong>Quem</strong></span> <span class='ocrx_word' id='word_1_190' title='bbox 1071 3688 1276 3780; x_wconf 90' lang='lat' dir='ltr'><strong>opinionem</strong></span> <span class='ocrx_word' id='word_1_191' title='bbox 1298 3689 1404 3760; x_wconf 87' lang='lat' dir='ltr'><strong>Stetii</strong></span> 
     </span>
     <span class='ocr_line' id='line_1_29' title="bbox 253 3804 1406 3899; baseline -0.003 -20"><span class='ocrx_word' id='word_1_192' title='bbox 253 3829 382 3880; x_wconf 79' lang='lat' dir='ltr'><strong>versus</strong></span> <span class='ocrx_word' id='word_1_193' title='bbox 400 3806 626 3879; x_wconf 81' lang='lat' dir='ltr'><strong>confirment.</strong></span> <span class='ocrx_word' id='word_1_194' title='bbox 647 3804 790 3876; x_wconf 81' lang='lat' dir='ltr'><strong>Etenim</strong></span> <span class='ocrx_word' id='word_1_195' title='bbox 809 3805 848 3876; x_wconf 88' lang='lat' dir='ltr'><strong>in</strong></span> <span class='ocrx_word' id='word_1_196' title='bbox 875 3807 954 3899; x_wconf 88' lang='lat' dir='ltr'><strong>ejus</strong></span> <span class='ocrx_word' id='word_1_197' title='bbox 979 3806 1101 3890; x_wconf 85' lang='lat' dir='ltr'><strong>Silvis,</strong></span> <span class='ocrx_word' id='word_1_198' title='bbox 1128 3805 1222 3876; x_wconf 90' lang='lat' dir='ltr'><strong>sicut</strong></span> <span class='ocrx_word' id='word_1_199' title='bbox 1243 3806 1282 3876; x_wconf 93' lang='lat' dir='ltr'><strong>in</strong></span> <span class='ocrx_word' id='word_1_200' title='bbox 1303 3805 1406 3876; x_wconf 88' lang='lat' dir='ltr'><strong>horto</strong></span> 
     </span>
    </p>
   </div>
   <div class='ocr_carea' id='block_1_6' title="bbox 255 3999 1405 4392">
    <p class='ocr_par' dir='ltr' id='par_1_15' title="bbox 255 3999 1405 4147">
     <span class='ocr_line' id='line_1_30' title="bbox 288 3999 1405 4068; baseline -0.004 -12"><span class='ocrx_word' id='word_1_201' title='bbox 288 4005 323 4068; x_wconf 85' lang='lat' dir='ltr'><strong>(l)</strong></span> <span class='ocrx_word' id='word_1_202' title='bbox 336 4002 364 4056; x_wconf 87' lang='lat' dir='ltr'><strong>ld</strong></span> <span class='ocrx_word' id='word_1_203' title='bbox 377 4003 417 4057; x_wconf 88' lang='lat' dir='ltr'><strong>est</strong></span> <span class='ocrx_word' id='word_1_204' title='bbox 429 4002 522 4066; x_wconf 71' lang='lat' dir='ltr'><strong>guluce</strong></span> <span class='ocrx_word' id='word_1_205' title='bbox 536 4021 543 4056; x_wconf 91' lang='lat'><strong>:</strong></span> <span class='ocrx_word' id='word_1_206' title='bbox 556 4015 591 4056; x_wconf 84' lang='lat' dir='ltr'><strong>au</strong></span> <span class='ocrx_word' id='word_1_207' title='bbox 604 4001 671 4056; x_wconf 90' lang='lat' dir='ltr'><strong>nord</strong></span> <span class='ocrx_word' id='word_1_208' title='bbox 685 4001 717 4056; x_wconf 89' lang='lat' dir='ltr'><strong>de</strong></span> <span class='ocrx_word' id='word_1_209' title='bbox 730 4002 813 4066; x_wconf 79' lang='lat' dir='ltr'><strong>Paris,</strong></span> <span class='ocrx_word' id='word_1_210' title='bbox 827 4003 994 4056; x_wconf 80' lang='lat' dir='ltr'><strong>Montmertre</strong></span> <span class='ocrx_word' id='word_1_211' title='bbox 1007 4002 1034 4054; x_wconf 88' lang='lat' dir='ltr'><strong>et</strong></span> <span class='ocrx_word' id='word_1_212' title='bbox 1051 4013 1093 4054; x_wconf 86' lang='lat' dir='ltr'><strong>ses</strong></span> <span class='ocrx_word' id='word_1_213' title='bbox 1108 4000 1224 4052; x_wconf 89' lang='lat' dir='ltr'><strong>moulins</strong></span> <span class='ocrx_word' id='word_1_214' title='bbox 1237 4002 1254 4053; x_wconf 79' lang='lat' dir='ltr'><strong>t</strong></span> <span class='ocrx_word' id='word_1_215' title='bbox 1269 4000 1355 4062; x_wconf 83' lang='lat' dir='ltr'><strong>reut;</strong></span> <span class='ocrx_word' id='word_1_216' title='bbox 1371 3999 1405 4052; x_wconf 90' lang='lat' dir='ltr'><strong>de</strong></span> 
     </span>
     <span class='ocr_line' id='line_1_31' title="bbox 255 4079 1405 4147; baseline -0.005 -7"><span class='ocrx_word' id='word_1_217' title='bbox 255 4085 349 4140; x_wconf 80' lang='lat' dir='ltr'><strong>l’eutre</strong></span> <span class='ocrx_word' id='word_1_218' title='bbox 362 4083 420 4135; x_wconf 84' lang='lat' dir='ltr'><strong>cote</strong></span> <span class='ocrx_word' id='word_1_219' title='bbox 433 4083 547 4145; x_wconf 85' lang='lat' dir='ltr'><strong>Vauves,</strong></span> <span class='ocrx_word' id='word_1_220' title='bbox 563 4094 613 4136; x_wconf 89' lang='lat' dir='ltr'><strong>son</strong></span> <span class='ocrx_word' id='word_1_221' title='bbox 627 4083 721 4136; x_wconf 86' lang='lat' dir='ltr'><strong>beurre</strong></span> <span class='ocrx_word' id='word_1_222' title='bbox 734 4083 762 4136; x_wconf 85' lang='lat' dir='ltr'><strong>et</strong></span> <span class='ocrx_word' id='word_1_223' title='bbox 774 4095 816 4136; x_wconf 84' lang='lat' dir='ltr'><strong>ees</strong></span> <span class='ocrx_word' id='word_1_224' title='bbox 831 4082 971 4147; x_wconf 71' lang='lat' dir='ltr'><strong>immores,</strong></span> <span class='ocrx_word' id='word_1_225' title='bbox 993 4083 1020 4135; x_wconf 84' lang='lat' dir='ltr'><strong>et</strong></span> <span class='ocrx_word' id='word_1_226' title='bbox 1043 4082 1069 4134; x_wconf 85' lang='lat' dir='ltr'><strong>le</strong></span> <span class='ocrx_word' id='word_1_227' title='bbox 1085 4081 1234 4147; x_wconf 85' lang='lat' dir='ltr'><strong>porcelelne</strong></span> <span class='ocrx_word' id='word_1_228' title='bbox 1247 4079 1281 4133; x_wconf 92' lang='lat' dir='ltr'><strong>de</strong></span> <span class='ocrx_word' id='word_1_229' title='bbox 1297 4079 1405 4134; x_wconf 82' lang='lat' dir='ltr'><strong>serres.</strong></span> 
     </span>
    </p>

    <p class='ocr_par' dir='ltr' id='par_1_16' title="bbox 289 4163 751 4229">
     <span class='ocr_line' id='line_1_32' title="bbox 289 4163 751 4229; baseline -0.004 -12"><span class='ocrx_word' id='word_1_230' title='bbox 289 4167 324 4228; x_wconf 62' lang='grc' dir='ltr'><strong>(ἱ)</strong></span> <span class='ocrx_word' id='word_1_231' title='bbox 340 4165 395 4216; x_wconf 66' lang='lat' dir='ltr'><strong>llfl·</strong></span> <span class='ocrx_word' id='word_1_232' title='bbox 415 4165 573 4226; x_wconf 71' lang='lat' dir='ltr'><strong>Aenum,</strong></span> <span class='ocrx_word' id='word_1_233' title='bbox 590 4163 751 4229; x_wconf 73' lang='lat' dir='ltr'><strong>Endymion.</strong></span> 
     </span>
    </p>

    <p class='ocr_par' dir='ltr' id='par_1_17' title="bbox 290 4243 751 4310">
     <span class='ocr_line' id='line_1_33' title="bbox 290 4243 751 4310; baseline -0.009 -12"><span class='ocrx_word' id='word_1_234' title='bbox 290 4245 372 4310; x_wconf 57' lang='lat' dir='ltr'><strong>(elle</strong></span> <span class='ocrx_word' id='word_1_235' title='bbox 386 4245 474 4310; x_wconf 85' lang='lat' dir='ltr'><strong>lsmpe</strong></span> <span class='ocrx_word' id='word_1_236' title='bbox 487 4243 592 4310; x_wconf 78' lang='lat' dir='ltr'><strong>d&#39;llero,</strong></span> <span class='ocrx_word' id='word_1_237' title='bbox 606 4243 685 4304; x_wconf 80' lang='lat' dir='ltr'><strong>Hebe,</strong></span> <span class='ocrx_word' id='word_1_238' title='bbox 701 4247 751 4298; x_wconf 84' lang='lat' dir='ltr'><strong>etc.</strong></span> 
     </span>
    </p>

    <p class='ocr_par' dir='ltr' id='par_1_18' title="bbox 292 4323 709 4392">
     <span class='ocr_line' id='line_1_34' title="bbox 292 4323 709 4392; baseline -0.005 -13"><span class='ocrx_word' id='word_1_239' title='bbox 292 4327 327 4392; x_wconf 79' lang='lat' dir='ltr'><strong>(t)</strong></span> <span class='ocrx_word' id='word_1_240' title='bbox 342 4323 475 4380; x_wconf 74' lang='lat' dir='ltr'><strong>clettam</strong></span> <span class='ocrx_word' id='word_1_241' title='bbox 490 4326 615 4388; x_wconf 58' lang='lat' dir='ltr'><strong>Boreum</strong></span> <span class='ocrx_word' id='word_1_242' title='bbox 631 4326 663 4377; x_wconf 80' lang='grc' dir='ltr'><strong>Α.</strong></span> <span class='ocrx_word' id='word_1_243' title='bbox 681 4325 709 4378; x_wconf 84' lang='grc' dir='ltr'><strong>Ρ.</strong></span> 
     </span>
    </p>
   </div>
   <div class='ocr_carea' id='block_1_7' title="bbox 0 0 1617 4970">
    <p class='ocr_par' dir='ltr' id='par_1_19' title="bbox 0 0 1617 4970">
     <span class='ocr_line' id='line_1_35' title="bbox 0 0 1617 4970; baseline 0 0"><span class='ocrx_word' id='word_1_244' title='bbox 0 0 1617 4970; x_wconf 95' lang='lat' dir='ltr'><strong> </strong></span> 
     </span>
    </p>
   </div>
  </div>
 </body>
</html>
