3154 4970
581 373 741 437 49...

244 535 391 620 Synnade
405 533 489 618 quod
504 542 613 597 mesto
627 533 774 616 Phrygiae
786 532 889 596 iodere
903 553 1038 610 secures,

244 645 306 708 Per
320 641 449 726 Cybeles
463 641 603 724 lugentis
617 659 720 723 agros,
737 640 790 703 ubi
804 660 959 706 marmore
969 642 1058 725 picto

246 749 389 816 Candida
399 769 562 833 purpureo
576 747 779 830 distinguitur
791 767 862 812 area
877 767 964 831 gyro.

247 858 304 922 Hie
318 864 349 921 et
362 856 514 940 Amyclaei
528 874 641 920 cresum
653 855 691 918 de
707 862 812 918 monte
826 856 962 939 Lycurgi

246 965 335 1042 Quod
349 973 427 1028 curet
442 971 472 1028 et
487 963 596 1028 molles
613 963 754 1026 imitatur
767 964 898 1046 rupibus
912 963 1034 1043 tortas,

246 1073 299 1138 ilio
312 1073 490 1139 Nomadum
505 1071 607 1138 iurent
619 1070 766 1154 flaventia
782 1090 866 1135 sara.

802 1175 863 1262 (s,
881 1179 921 1254 11,
940 1198 972 1259 11,
989 1183 1040 1256 ee,
1057 1179 1116 1264 sq.)

131 1329 244 1403 Atedii
259 1331 413 1403 Melioris
428 1330 575 1424 psittaci
590 1351 739 1401 caveam
759 1329 878 1403 aureis
897 1331 1150 1424 argenteisque
1165 1331 1237 1403 filis

90 1448 263 1520 intextam
278 1448 569 1541 multimodisque
587 1447 765 1519 coloribus
786 1447 994 1519 distinctam
1012 1448 1239 1542 eburneoque

92 1566 228 1656 fulgore
243 1566 434 1637 micantem
448 1565 569 1636 statim
580 1563 761 1657 prospicit,
775 1564 990 1656 tabellisque
1000 1565 1085 1635 dum
1096 1565 1240 1656 singula

93 1682 268 1767 inscribit,
294 1682 463 1754 docemur
493 1703 573 1774 quat
599 1683 777 1774 praecipue
804 1680 1108 1766 animadverterit,
1139 1682 1237 1752 albos

95 1797 228 1870 seilicet
244 1798 421 1870 cancellos
437 1797 695 1889 rubentemque
710 1796 957 1869 testitudinem
979 1797 1133 1870 lamellis
1153 1818 1238 1870 con-

95 1916 217 2003 cisam,
236 1915 479 2008 clamoresque
495 1913 625 2006 quibus
640 1934 755 2008 nuper
773 1914 899 1985 domus
918 1915 1118 1987 resonabat.

209 2069 250 2132 At
264 2069 319 2130 tibi
334 2075 450 2150 quanta
465 2066 577 2130 domus
590 2065 684 2129 rutila
698 2067 853 2130 testudine
863 2051 1003 2150 fulgens,

211 2177 415 2256 conexusque
430 2173 514 2236 ebori
529 2174 689 2256 virgarum
704 2183 870 2256 argenteus
882 2175 969 2254 ordo,

211 2282 428 2364 Argutumque
440 2289 495 2344 tuo
510 2280 676 2344 stridentia
689 2281 801 2344 limina
813 2301 921 2348 cornu.

401 2383 419 2410 l

132 2434 229 2505 Adeo
253 2432 431 2504 coloribus
457 2431 627 2524 sonisque
652 2431 848 2525 pellicitur!
875 2437 1056 2514 Quantum
1078 2444 1240 2510 marcent

87 2546 164 2619 haee
191 2547 360 2636 ludibria,
389 2548 420 2618 si
448 2548 551 2618 modo
578 2547 616 2618 in
644 2557 800 2620 mentem
828 2569 871 2622 ea
899 2551 1058 2640 veniant,
1086 2575 1167 2646 quae
1195 2555 1239 2627 de

86 2663 216 2736 iisdem
235 2665 343 2736 rebus
362 2662 529 2737 elatiores
549 2664 804 2758 gravioresque
822 2675 935 2759 poetae
955 2671 1145 2757 senserint,
1163 2672 1241 2745 sive

87 2783 194 2873 Hugo
223 2789 345 2853 noster
372 2802 477 2852 avem
504 2780 697 2872 qnamdam
724 2782 762 2852 in
790 2803 932 2854 carcere
960 2795 1170 2858 moerentem
1202 2788 1240 2859 in

85 2895 292 2969 libertatem
311 2896 472 2969 vindicat
491 2904 527 2969 et
546 2897 592 2968 ad
610 2897 788 2990 liquidum
807 2900 937 2970 coelum
956 2901 1094 2973 mittit:

209 3059 350 3124 L’oiseau
367 3059 440 3123 s'est
452 3058 545 3122 evade
560 3059 637 3122 dans
652 3058 696 3122 les
712 3078 858 3124 rameaux
871 3061 1010 3128 flottants

209 3167 337 3230 atdans
353 3165 552 3229 l'immensitd
562 3164 720 3247 splendide
735 3166 776 3230 du
791 3167 1016 3252 printemps....

207 3274 298 3338 Alors
312 3274 388 3338 dans
402 3273 433 3337 la
446 3273 577 3337 lumiere
587 3281 617 3337 et
631 3274 708 3336 dans
722 3273 754 3337 le
767 3282 986 3359 transparence

207 3381 383 3464 Regardant
396 3388 474 3445 cette
489 3381 565 3444 iuite
579 3389 610 3445 et
621 3389 699 3444 cette
715 3382 887 3447 delivrance

206 3491 246 3552 ut
259 3489 288 3552 le
302 3509 418 3572 pauvre
429 3493 494 3554 etro
506 3489 587 3553 ainsi
602 3489 729 3571 disparu
743 3489 822 3553 dans
838 3491 866 3554 le
881 3502 961 3574 port,

208 3597 317 3661 Pensii
324 3599 357 3680 je
371 3617 421 3680 me
435 3598 498 3661 suis
510 3597 554 3661 dit
568 3615 576 3658 τ
592 3598 630 3660 Je
643 3597 730 3661 viens
744 3597 839 3662 d’etre
854 3598 885 3661 la
898 3601 992 3680 Mort;

85 3751 160 3823 sive
185 3751 277 3823 alter
299 3749 362 3823 ilie
385 3759 489 3824 vates
518 3752 564 3843 (i)
594 3771 776 3844 passerem
804 3771 825 3823 e
852 3753 1000 3830 cereola
1028 3755 1239 3859 evadentem

85 3869 352 3962 contemplatur
369 3886 377 3939 :

208 4031 280 4094 Mon
296 4031 365 4094 tme
379 4037 425 4092 est
439 4048 559 4094 comme
573 4030 628 4106 toi,
645 4029 683 4093 de
697 4049 730 4094 sa
742 4049 815 4114 oage
828 4030 1014 4096 immortalis

207 4135 274 4200 lille
288 4137 444 4216 s'ennuie,
462 4137 570 4201 helaei
585 4143 616 4200 et
630 4137 747 4201 souffre
760 4145 791 4200 et
800 4138 854 4201 bat
869 4139 906 4202 de
921 4138 1015 4217 l'aile‚

112 4299 150 4361 (t)
165 4297 215 4350 Tb.
231 4295 347 4351 flander.
