3154 4970
750 361 913 424 ..42-

260 539 524 615 proponerem
547 525 623 614 jam
647 530 810 614 paratam
830 523 870 593 in
889 542 931 594 eo
955 530 1041 600 sunt
1067 530 1109 592 ut
1131 529 1274 616 portum
1298 521 1410 594 relin-

259 645 371 728 quant
387 657 396 709 τ

418 749 550 829 Jamque
563 755 661 810 retem
673 748 764 810 terris
778 746 880 811 divisit
895 748 970 811 tune
982 748 1084 811 soluto

418 853 529 918 Navita
540 860 571 916 et
583 861 752 936 angustum
768 854 878 936 dejecit
890 855 924 917 in
937 873 1061 935 aequora
1075 861 1213 936 pontem.

343 939 356 1012 b
419 961 527 1023 Savus
541 969 572 1022 et
586 961 709 1042 epuppi
725 959 819 1042 longo
834 961 967 1024 clamore
980 963 1128 1043 magister

338 1136 343 1152 „
418 1067 555 1148 Dissipat
566 1067 737 1150 amplexus.

1087 1149 1205 1246 (Ilipu,
1221 1148 1286 1231 54.)

303 1296 429 1367 Viden’
442 1297 536 1370 hanc
552 1298 725 1384 casulam,
753 1323 772 1366 ι(
801 1298 1014 1391 culmenque
1037 1298 1150 1370 multo
1170 1297 1307 1369 lumine
1332 1319 1411 1368 sor-

260 1414 383 1485 didum
407 1441 426 1484 »
460 1415 511 1504 (S.
538 1417 596 1500 IV,
622 1434 659 1500 v,
687 1416 767 1505 tt)t
784 1418 920 1508 Vesper
946 1417 1062 1501 adest,
1099 1423 1411 1506 reuertentemqoe

260 1530 466 1617 agricolam,
487 1551 612 1602 mensa
631 1531 780 1602 modicis
800 1533 1041 1624 inemptisque
1069 1531 1223 1624 dapibus
1247 1539 1409 1616 onerata,

261 1667 351 1716 uxor
365 1647 403 1717 in
417 1646 542 1718 limine
556 1657 742 1740 exspectat
760 1667 768 1718 :

842 1747 963 1829 Appula
978 1749 1089 1829 conjux

379 1853 530 1936 Agricola
544 1856 637 1936 parci,
652 1856 701 1918 vel
716 1855 781 1918 sole
795 1856 909 1918 intecta
923 1855 1037 1918 Sabina

380 1961 456 2038 Qum
471 1961 552 2025 videt
566 1963 685 2025 emeriti
696 1967 761 2044 jam
776 1965 1043 2046 prospectantibus
1057 1963 1149 2026 astris

386 2069 522 2150 Tempus
536 2071 642 2132 edesse
656 2071 725 2145 viri,
742 2089 869 2152 propere
884 2089 1067 2152 mensasque
1080 2079 1226 2152 torosque

327 2231 329 2238 .
382 2175 523 2251 Instruit,
540 2184 753 2260 exspectatque
768 2196 880 2240 sonum
894 2178 1052 2241 redeuntis
1066 2177 1172 2241 aratri.

1050 2283 1100 2368 (s,
1114 2285 1154 2361 v,
1166 2302 1189 2361 1,
1206 2285 1290 2366 raa.)

309 2436 422 2515 Quam
446 2435 583 2526 poetice
602 2436 628 2506 ii
641 2457 771 2507 versus
790 2445 932 2529 tempus
954 2437 1044 2508 illud
1067 2435 1137 2508 diei
1156 2436 1331 2521 indicant,
1349 2434 1415 2506 ubi

264 2558 367 2622 vates
381 2550 472 2623 alter
488 2550 550 2624 ille
565 2552 634 2622 snb
648 2562 791 2624 noctem
809 2553 1028 2624 exaudiebat

354 2793 358 2806 „
383 2715 442 2778 Les
457 2715 570 2797 grands
581 2714 671 2777 chare
687 2717 875 2796 gemissants
889 2717 943 2799 qui
957 2717 1139 2779 reviennent
1152 2717 1180 2779 le
1196 2716 1270 2780 soit.

309 2866 407 2948 Quod
433 2866 465 2937 si
488 2870 636 2938 Romam
669 2868 927 2966 ingrediamur,
957 2890 1041 2941 ecce
1064 2868 1217 2939 occurrit
1241 2868 1415 2962 nuptialis

265 2982 429 3073 quaedam
453 3004 594 3076 pompa,
623 2984 763 3056 refertis
788 2984 900 3056 densa
927 2984 1033 3055 turba
1057 2983 1141 3071 viis,
1166 2985 1252 3056 dum
1276 2986 1415 3056 Statius

264 3098 406 3169 notulas
419 3098 554 3170 tabulis
570 3100 646 3170 suis
661 3099 759 3170 addit
779 3119 789 3172 τ

345 3260 456 3322 Omnis
470 3260 589 3342 plebeio
603 3261 713 3324 teritur
727 3268 872 3343 praetexta
886 3263 1024 3325 tumultu

345 3367 435 3444 Hinc,
452 3385 546 3450 eques
560 3369 651 3444 binc;
664 3370 880 3451 juvenumque
894 3377 961 3433 arto
973 3370 1052 3433 stole
1066 3371 1162 3433 mixte
1173 3370 1303 3436 laborat.

1109 3477 1147 3560 (i,
1158 3497 1193 3553 rr,
1210 3478 1296 3560 234.)

311 3627 375 3698 Cui
395 3626 509 3697 turbae
525 3627 598 3698 alia
619 3627 657 3698 in
676 3636 777 3721 parte
791 3629 983 3721 respondet
1007 3650 1204 3702 concursus
1222 3632 1284 3703 illc
1308 3651 1418 3724 prope

266 3745 413 3832 circum,
430 3744 516 3816 dum
530 3745 682 3816 Romani
697 3744 914 3836 Barbarique
931 3746 1089 3838 undique
1101 3748 1333 3834 conveniunt,
1354 3749 1416 3840 qui

267 3862 425 3954 gratuita
442 3862 627 3953 sparsione
640 3862 824 3947 fruentum
839 3860 1011 3933 clamores
1031 3863 1148 3934 omnis
1164 3864 1308 3956 generis
1322 3884 1418 3936 mer·

267 3988 406 4048 catores
424 3977 578 4048 fundunt
603 3999 612 4050 τ

485 4140 555 4202 Jarn
570 4141 669 4203 noctis
683 4141 875 4221 propioribus
888 4141 1073 4204 subumbris

487 4247 579 4308 Dives
593 4248 709 4328 sparsio
722 4266 800 4329 qnos
816 4248 880 4329 agit
893 4247 1065 4311 tumultus!
