3154 4970
783 393 942 459 ...66η-

284 559 487 650 spectaculo
504 564 703 650 permotum
713 557 837 626 luisse.
856 559 943 625 Cum
958 555 1076 627 sidera
1095 562 1235 648 spectat
1252 555 1433 648 cauitque,

282 683 422 746 veteres
432 674 576 767 quidem
591 674 789 765 inanesque
802 671 942 742 fabulas
953 673 1100 764 repetit;
1118 673 1250 766 itaque,
1264 684 1340 743 tum
1358 695 1434 742 mu·
1549 679 1550 688 ’

284 809 390 861 orone
413 791 530 863 sidera
551 799 660 861 terret
682 789 796 859 O'rion‘
811 789 850 878 (Ι,
870 807 896 872 1,
919 788 973 878 lt)
985 809 995 875 3
1013 797 1090 858 tum
1113 789 1227 860 Sirius
1253 790 1360 860 latrat
1390 792 1431 880 (Ι,

282 927 334 991 111,
354 907 401 997 5),
422 914 498 977 tum
515 914 652 978 terrent
673 906 798 977 nubila
818 906 913 976 Plias
937 906 1173 998 Oleniumque
1195 927 1323 999 pecus;
1358 916 1432 976 tum

280 1022 458 1094 collucent
485 1022 668 1093 Gnosiacae
695 1023 791 1092 faces
817 1042 954 1090 coronae
970 1021 1052 1112 (111,
1075 1041 1112 1105 11,
1136 1023 1198 1110 77;
1223 1026 1249 1108 Ι,
1268 1041 1322 1108 111,
1347 1021 1429 1112 96);

279 1159 432 1224 necnon,
450 1138 534 1208 dum
545 1138 749 1208 istiusmodi
759 1137 964 1207 nominibus
974 1138 1098 1224 utitur,
1113 1158 1260 1208 canoros
1276 1138 1433 1232 splendi-

280 1256 414 1347 dosque
436 1276 561 1326 versus
578 1275 837 1345 nonnunquam
861 1239 1075 1325 modulatur.
1092 1255 1233 1325 Etenim
1251 1276 1360 1347 quam
1379 1255 1430 1325 le·

280 1370 362 1462 pide
376 1378 478 1441 vates
498 1379 593 1439 astra
608 1369 653 1439 ad
670 1377 841 1454 sevocat,
861 1391 931 1461 quo
950 1369 1079 1439 melius
1093 1369 1198 1440 uobis
1216 1378 1291 1440 tres
1309 1375 1431 1441 Mene·

279 1486 388 1556 cratis
408 1495 511 1556 natos
526 1486 690 1557 ostendat
707 1501 716 1556 :
1258 1464 1263 1481 ⁶

602 1646 707 1723 Qualis
722 1645 789 1709 coeli
804 1647 895 1710 facies
907 1648 959 1709 uhi
974 1654 1064 1709 nocte
1079 1667 1186 1711 serena

501 1753 675 1816 Admovere
686 1754 778 1835 jubar
792 1753 901 1816 mediae
915 1754 976 1816 duo
992 1755 1090 1818 sidera
1104 1754 1199 1817 lunae.

325 1907 345 1974 J
349 1927 406 1976 am
425 1905 463 1976 in
478 1905 594 1977 medio
615 1905 715 1990 coelo,
741 1907 845 1977 terris
859 1906 1044 1978 exhaustis
1059 1905 1281 2000 exustisque,
1307 1908 1360 1977 sol
1378 1929 1431 1978 ar-
1552 1941 1553 1982 ι

281 2023 369 2094 dens
385 2030 475 2093 stat:
494 2023 623 2092 mirum
638 2043 724 2093 sane
738 2007 1032 2116 splendidumque
1046 2033 1299 2115 argumentum
1315 2026 1431 2116 poetis

280 2140 440 2233 cujusvis
451 2141 586 2210 aetatis!
604 2138 796 2209 Meministi
812 2140 907 2211 enim
923 2141 1136 2212 recentiores
1152 2141 1232 2211 illos
1247 2141 1291 2212 de
1306 2141 1430 2212 eadem

281 2276 463 2326 reversus
482 2274 489 2324 :
1553 2269 1554 2280 ¹

382 2417 468 2492 Midi‚
485 2415 531 2477 roi
547 2415 599 2476 des
614 2415 689 2490 etto,
707 2415 830 2498 epandu
845 2435 899 2478 sur
918 2417 947 2478 la
966 2419 1070 2500 plaine

280 2540 285 2578 t
380 2524 494 2586 ‘lomhe
507 2542 546 2584 en
560 2541 661 2605 nappe
674 2523 816 2605 d'argent
830 2523 882 2586 des
898 2524 1046 2588 hauteurs
1058 2526 1097 2588 du
1113 2527 1170 2590 ciel
1185 2526 1267 2604 hieu,

361 2631 460 2693 ‘'l'out
474 2648 507 2692 se
521 2630 587 2692 tait.
603 2630 685 2692 L’air
698 2629 842 2693 llamboie
856 2637 886 2692 et
899 2631 989 2694 hrdle
1003 2652 1077 2695 sans
1093 2633 1228 2710 huicine,

379 2739 425 2801 La
437 2745 518 2800 terre
528 2743 573 2799 est
586 2738 727 2820 assoupie
738 2757 777 2800 en
792 2757 826 2800 sa
839 2739 911 2800 rohe
926 2738 964 2802 de
979 2741 1068 2805 lou...

978 2846 1129 2928 (Lucerna
1143 2850 1312 2929 richisus.)

325 2995 423 3076 Quod
452 2995 697 3087 spectaculum
723 2996 860 3067 Statius
884 2997 1017 3069 vividis
1045 3000 1233 3093 plenisque
1262 3001 1430 3073 versibus

281 3112 385 3183 nobis
409 3119 582 3182 monstrat
605 3131 613 3179 :

462 3274 595 3355 Tempus
607 3280 671 3336 erat
682 3274 749 3337 coeli
768 3294 839 3337 cum
854 3277 1098 3340 torrentissimus
1114 3279 1179 3342 axis

462 3381 617 3443 Incumbit
631 3381 721 3443 terris
734 3382 874 3464 ictusque
889 3385 1065 3465 Hyperione
1080 3386 1179 3448 multo

463 3489 542 3551 Acer
556 3487 739 3552 anhelantes
753 3489 891 3553 incendit
911 3490 1010 3554 Sirius
1025 3511 1126 3574 agros.

1058 3595 1311 3684 (S.,111‚1‚53.)
1341 3585 1344 3592 ’

327 3746 457 3839 Aspice
471 3747 579 3818 etiam
601 3767 817 3840 purpureum
837 3748 939 3818 illum
963 3749 1048 3819 solis
1072 3772 1239 3824 occasum
1257 3751 1296 3823 in
1315 3752 1436 3847 hispa-

283 3863 362 3932 nico
375 3861 480 3932 litore
496 3880 505 3931 ε

564 3970 683 4034 Pronos
696 3971 876 4054 hyperionis
895 3980 1015 4037 meatus

564 4077 703 4140 Summis
718 4078 824 4140 oceani
839 4079 923 4143 vides
938 4081 970 4142 in
985 4079 1080 4143 undis

566 4184 799 4265 Stridoremque
813 4194 887 4248 rotae
902 4186 1039 4250 cadentis
1052 4187 1153 4252 audis.

1044 4292 1106 4374 (s,
1124 4296 1163 4370 n,
1181 4278 1234 4372 vl,
1249 4295 1316 4378 ns.)
