3154 4970
614 459 773 524 ..19:-

135 620 254 710 dasque
278 641 407 689 manus
430 619 474 688 ad
500 620 693 690 obtinenda
717 641 868 690 munera
892 621 1093 712 porrexisse
1116 645 1187 692 non
1211 626 1266 693 vi-

134 736 233 806 detur.
263 735 361 816 Quod
389 735 420 804 si
448 735 651 805 laudandus
684 745 751 822 est,
783 736 867 825 quia
900 735 988 805 istos
1023 738 1265 808 mendicorum

133 873 235 922 mores
250 851 431 943 abjecerit,
450 847 541 921 nihil
556 858 610 922 est
626 861 746 922 tamen
761 873 824 921 cur
840 853 917 943 ejus
934 853 1266 942 magnanimitatem

133 967 361 1059 sublimesque
377 989 504 1038 sensus
521 967 708 1059 splendide
721 968 841 1038 mirati
857 967 1082 1039 extollamus.

172 1087 385 1174 Quamquam
405 1083 502 1154 enim
518 1084 755 1174 gravissimas
771 1083 1061 1176 elatissimasque
1080 1105 1137 1156 res
1154 1085 1212 1156 vel
1227 1086 1266 1156 in

128 1201 233 1271 ‘Silvas
265 1199 422 1291 attingit,
460 1206 495 1270 et
526 1221 609 1269 cum
641 1199 819 1271 defunctis
855 1199 980 1270 amicis
1013 1210 1190 1292 parentat,
1231 1210 1267 1272 et
1323 1276 1325 1280 ,

130 1337 204 1386 cum
227 1325 433 1386 nascentem
458 1316 650 1405 quemdam
675 1323 736 1385 aut
755 1315 933 1385 nubentes
957 1316 1103 1402 salutat,
1125 1323 1160 1387 et
1185 1339 1267 1387 cum

129 1431 205 1501 deus
229 1431 396 1513 celebrat,
423 1451 502 1500 raro
529 1440 650 1501 tamen
664 1431 817 1522 pectoris
844 1429 958 1500 nostri
978 1430 1114 1501 aditum
1141 1433 1265 1524 aperit.

128 1547 290 1627 Quamvis
309 1549 402 1618 inter
421 1547 577 1617 tumulos
597 1548 834 1637 funereasque
851 1548 948 1617 faces
966 1546 1176 1638 plerumque
1191 1569 1270 1619 ver·

126 1673 228 1748 setur,
237 1663 464 1754 lacrimisque
475 1663 581 1733 vultu
592 1665 727 1732 suffuso
741 1662 873 1753 saepius
884 1661 1073 1732 lamentari
1084 1665 1195 1734 soleat
1205 1666 1265 1756 (1),

127 1779 301 1850 tristitiam
330 1790 451 1851 tamen
478 1800 606 1872 parum
630 1779 741 1849 sentit
765 1788 828 1849 aut
855 1799 981 1870 parum
1016 1778 1120 1848 nobis
1151 1779 1267 1863 addit,

125 1895 251 1986 quippe
270 1896 334 1989 qui
354 1895 398 1967 de
423 1896 582 1966 collectis
601 1895 658 1964 his
679 1895 846 1965 omnibus
869 1895 1026 1966 funereis
1051 1896 1269 1966 carminibus

124 2013 161 2080 in
180 2013 387 2104 praelatione
404 2012 581 2082 inscribat
607 2011 819 2104 (Proloq.,l)
840 2030 847 2080 :
869 2012 973 2082 «Sed
993 2019 1028 2082 et
1044 2012 1199 2083 Culicem
1218 2014 1268 2084 le·

125 2129 240 2218 gimus
260 2138 295 2199 et
315 2128 753 2220 Batrachomyomachiam
778 2129 885 2198 etiam
910 2127 1138 2219 agnoscimus
1165 2151 1172 2197 :
1203 2150 1269 2199 nec

133 2246 321 2338 quisquam
349 2254 403 2316 est
426 2245 619 2314 illustrium
643 2254 828 2337 poetarum
851 2245 913 2336 qui
936 2266 1008 2314 non
1031 2245 1165 2335 aliquid
1189 2268 1270 2337 ope·

131 2362 229 2432 ribus
259 2363 334 2432 suis
363 2361 443 2431 stilo
462 2361 664 2432 remissiore
693 2361 907 2454 praeluserit;
936 2386 953 2426 »
984 2362 1106 2432 eodem
1135 2361 1271 2433 scilicet

126 2479 268 2550 dicendi
297 2499 428 2569 genere
457 2500 557 2564 usuS,
590 2500 658 2568 que
687 2478 859 2548 Martialis
888 2499 972 2547 suas
996 2477 1143 2548 facetias
1171 2480 1272 2549 festi·

121 2597 364 2686 vissimosque
379 2598 477 2686 jocos
494 2594 629 2686 legenti
649 2595 861 2687 praetendit:
1017 2603 1018 2606 ’

237 2777 362 2859 Perlege
378 2775 510 2839 Moeonio
525 2781 663 2837 cantatas
677 2775 813 2838 carmine
828 2795 930 2849 ranas,

316 2884 355 2945 Et
369 2883 504 2945 frontem
520 2882 613 2963 nugis
628 2883 746 2944 solvere
761 2881 841 2944 disce
856 2883 946 2948 meis.

779 2988 870 3071 (Ep,
886 2990 968 3062 XIV,
985 2991 1145 3070 cuxxxur.)

112 3165 308 3232 Moerentes
332 3159 508 3230 consolari
530 3158 678 3229 minime
701 3160 828 3240 tentat,
851 3157 974 3248 eisque
996 3157 1099 3240 nihil,
1120 3157 1190 3227 nisi
1212 3179 1268 3228 ca·

110 3300 224 3348 noros
248 3297 389 3362 versus,
405 3279 517 3348 effert.
541 3275 698 3360 Minime,
726 3273 1015 3366 philosophorum
1041 3293 1137 3344 more
1160 3281 1266 3342 natu-

109 3416 193 3463 ram
221 3414 340 3464 rerum
368 3399 627 3485 perscrutatus
651 3411 693 3462 ea
713 3390 850 3480 quaerit,
876 3411 955 3481 quae
978 3397 1126 3462 mortem
1146 3390 1267 3459 minus

111 3530 268 3600 gravem
287 3509 435 3594 iaciunt,
455 3509 486 3578 si
503 3507 648 3599 quidem
667 3506 711 3578 de
726 3506 836 3576 animi
850 3506 1117 3576 immortalitate
1131 3506 1265 3595 cogita·

108 3626 226 3697 veris.
250 3631 333 3707 Quae
355 3625 533 3696 censuerit
554 3625 598 3696 de
622 3623 734 3694 animi
754 3629 896 3708 natura,
918 3622 961 3693 de
984 3622 1129 3692 deorum
1152 3622 1267 3691 homi-

105 3762 254 3812 numve
275 3749 368 3813 sorte
389 3763 430 3811 ac
454 3761 584 3832 genere
603 3739 668 3810 vix
686 3738 804 3810 dicere
827 3738 955 3824 ausim,
976 3738 1063 3808 adeo
1078 3758 1197 3806 rarum
1212 3737 1264 3822 fit,

105 3879 197 3927 cum
217 3856 305 3926 talia
325 3858 546 3948 aggreditur.
569 3859 765 3946 Postquam
780 3877 845 3925 nos
866 3855 1033 3925 certiores
1054 3855 1139 3924 fecit
1161 3877 1266 3925 mun-

104 3974 202 4044 dum
225 3976 423 4044 aFortuna
442 3973 652 4064 invidiaque
673 3973 751 4063 regi
770 3974 824 4064 (V,
846 3974 873 4056 Ι,
895 3972 986 4062 138),
1012 3969 1103 4041 nihil
1126 3978 1181 4041 est
1204 3993 1267 4041 cur

103 4110 198 4160 eum
223 4089 377 4182 amplius
397 4090 611 4180 interreges
631 4112 717 4159 nam
738 4089 782 4160 de
802 4085 1003 4158 istiusmodi
1025 4085 1131 4156 rebus
1155 4106 1267 4177 pauca

139 4267 181 4332 (l)
201 4271 265 4320 Jam
287 4269 441 4321 Lehannenr
464 4267 584 4321 laudavit
605 4267 726 4321 critlcnm
752 4269 789 4319 De
803 4267 923 4321 Guerle:
946 4286 958 4311 «
977 4264 1049 4318 Stare
1072 4264 1113 4316 est
1133 4275 1170 4314 un
1191 4263 1267 4327 poete

100 4347 241 4414 lugubre,
256 4350 338 4401 Rome
351 4349 397 4401 eut
410 4361 444 4402 en
455 4347 493 4401 lui
505 4361 554 4402 son
569 4348 703 4402 crebillon
716 4348 743 4400 et
757 4359 807 4400 son
818 4351 919 4412 Young.
933 4363 947 4395 o
