3154 4970
749 396 909 460 ...84-

256 569 328 644 tur,
343 560 509 630 itavetus
523 558 905 630 Statiusreoentiorem
919 562 1083 627 nostrum
1097 563 1239 648 poetam
1257 556 1414 627 tardiore

258 675 370 764 gradu
386 677 529 768 assequi
545 674 687 747 videtur
709 694 718 744 ε

415 873 577 934 Proximus
591 870 675 940 huic,
691 871 786 953 longo
803 871 856 934 sod
871 872 1029 952 proximus
1044 867 1217 934 intervallo.

297 1062 377 1129 Non
402 1067 523 1130 tamen
547 1058 739 1130 mediocria
762 1064 897 1150 poscat,
923 1056 1060 1148 siquis
1087 1064 1196 1149 optet,
1223 1066 1264 1128 ut
1288 1057 1412 1149 gallici

253 1183 366 1268 poetae
397 1195 525 1246 versus
552 1180 627 1244 tam
655 1173 717 1244 diu
749 1173 933 1262 legantur,
962 1171 1133 1264 quamdiu
1161 1172 1268 1243 Statii
1300 1172 1411 1264 Silera

253 1290 448 1382 viguerint.

296 1409 389 1476 Nam
402 1406 528 1496 vigent
550 1405 752 1497 virentque,
777 1425 973 1496 earumque
995 1425 1112 1473 ramos
1127 1403 1272 1474 vividus
1290 1405 1410 1474 ferax-

250 1543 318 1616 que
332 1521 460 1591 humor
474 1522 611 1613 implet,
637 1521 894 1612 frondibusque
917 1521 1015 1591 vires
1041 1518 1151 1603 addit,
1181 1528 1254 1589 non
1283 1521 1408 1590 minus

249 1647 355 1730 atque
369 1637 415 1707 iis
425 1636 631 1727 longinquis
646 1636 867 1728 temporibus
883 1636 946 1704 ubi
956 1636 1150 1717 Ausonius,
1170 1635 1409 1705 Claudianus-

249 1775 319 1845 que
345 1753 404 1824 vel
432 1752 600 1822 Sidonius
629 1753 846 1843 Apollinaris
876 1752 1031 1821 Statium
1058 1751 1316 1836 imitabantur;
1344 1761 1407 1822 aut

250 1870 313 1940 ubi
332 1873 476 1953 DanteS,
493 1868 531 1938 in
556 1867 647 1937 libro
667 1867 728 1937 illo
747 1871 831 1936 XXI
852 1892 868 1932 «
887 1868 1139 1957 purgatorii»,
1159 1867 1313 1938 Statium
1328 1872 1402 1937 Ma-

250 1987 328 2056 roni
344 1986 517 2076 magistro
537 2003 672 2053 morem
689 1991 872 2072 gerentem
892 1982 1087 2054 inducebat
1107 1984 1168 2075 (1).

293 2102 507 2172 Silvanum
522 2100 632 2170 etiam
651 2099 832 2190 leguntur,
854 2121 895 2168 ac
913 2099 1078 2192 plurimis
1094 2100 1137 2170 de
1159 2101 1280 2171 causis
1299 2102 1407 2174 valde

249 2242 316 2291 nos
335 2219 526 2288 delectant.

295 2334 415 2416 Pauci,
436 2332 531 2402 inter
550 2338 690 2403 veteres
714 2341 848 2424 poetae,
876 2331 1123 2424 singularibus
1142 2332 1250 2425 hujus
1273 2343 1406 2405 nostrae

250 2448 367 2520 aetatis
399 2446 529 2516 studiis
559 2446 688 2516 melius
720 2447 937 2538 respondent
969 2447 1175 2536 faventque.
1206 2452 1279 2518 Nos
1308 2449 1404 2520 enim

246 2570 352 2658 juvat
371 2585 427 2634 res
444 2562 583 2634 curiose
605 2563 759 2634 describi
774 2584 815 2633 ac
831 2562 1034 2632 minutatim
1059 2564 1193 2654 notari;
1226 2587 1404 2636 summam

250 2681 473 2773 voluptatem
497 2681 673 2772 capimus,
698 2680 729 2748 si
751 2679 831 2770 quis
852 2679 1030 2772 extemplo
1046 2679 1149 2749 nobis
1168 2688 1302 2764 narret,
1324 2704 1403 2771 quae

249 2797 454 2891 nuperrime
478 2796 690 2878 acciderint;
719 2797 782 2865 vix
806 2796 1050 2866 necessarium
1069 2804 1212 2886 tempus
1239 2798 1403 2867 concedi-

247 2935 341 2996 mus,
358 2921 399 2982 ut
418 2913 609 2982 doceamur
618 2934 697 3002 quae
712 2911 800 2992 beri,
817 2933 896 3002 quae
907 2911 1010 2980 hodie
1025 2931 1131 2981 mane
1142 2910 1237 2980 domi
1253 2932 1294 2981 ao
1309 2913 1396 2983 foris

245 3038 325 3098 acta
336 3029 427 3113 sint;
442 3027 617 3118 multique
632 3028 758 3096 scribae
774 3029 820 3117 (2)
833 3028 1073 3118 reperiuntur,
1086 3027 1148 3118 qui
1160 3026 1278 3112 nobie,
1292 3049 1400 3099 morae

245 3143 532 3236 impatientibus,
551 3164 701 3234 quaeque
724 3144 903 3234 extemplo
927 3151 1109 3212 enarrant.

288 3260 423 3330 Statius
447 3259 552 3350 quasi
576 3259 803 3349 quotidianos
821 3260 1094 3329 commentarios
1113 3259 1268 3351 scripsit,
1290 3259 1401 3331 itaut

244 3397 327 3445 eum
347 3375 488 3466 generis
511 3373 622 3454 illius,
648 3374 678 3443 le
693 3374 928 3464 jouroulismc
947 3376 1077 3461 vocati,
1103 3382 1244 3466 patrem
1265 3374 1400 3448 habere

242 3491 376 3561 liceret.
395 3493 448 3560 lta
472 3499 590 3559 autem
611 3489 755 3580 scripsit
785 3512 825 3559 au
850 3491 994 3582 singula
1014 3491 1215 3582 descripsit,
1238 3499 1279 3560 ut
1301 3493 1398 3562 aetati

240 3617 370 3676 nostrae
379 3606 467 3676 mire
478 3606 645 3698 placeret.
663 3609 753 3674 Nam
769 3627 827 3676 res
846 3628 987 3676 summa
998 3606 1078 3690 fide,
1094 3608 1398 3680 summoveritate

242 3743 283 3792 ac
297 3722 444 3812 longum
460 3720 612 3791 describi
627 3722 808 3813 poscimus
822 3730 857 3793 et
882 3743 1056 3792 amamus.
1077 3726 1157 3792 Non
1181 3721 1396 3812 dedignatus

242 3846 298 3906 est
323 3838 381 3907 vel
404 3835 572 3906 minimas
602 3846 638 3908 et
665 3837 844 3926 ignobiles
872 3859 928 3908 res
953 3838 1159 3930 depingere,
1186 3859 1395 3911 communes

243 3952 379 4023 scilicet
406 3950 634 4044 humilesque
654 3975 785 4044 nugae,
816 3955 960 4045 psittaci
983 3955 1171 4047 cujusdam
1200 3975 1397 4040 carcerem,

274 4125 306 4184 (1)
324 4123 360 4173 De
376 4122 450 4174 Statii
467 4121 574 4175 {ortona
593 4136 607 4174 a
628 4137 675 4176 sua
693 4124 726 4175 ad
744 4125 862 4178 nostram
886 4126 996 4178 aetatem
1016 4125 1050 4178 ct.
1074 4126 1228 4185 Drusinae,
1255 4125 1342 4187 Stare,
1364 4124 1391 4176 et

243 4203 412 4265 Lauauuuun,
427 4204 465 4252 De
481 4204 574 4264 statio,
589 4206 607 4257 l.

276 4285 309 4348 (2)
326 4284 410 4348 Vulgo
424 4289 568 4348 reportare.
