3154 4970
778 387 939 453 -eo-
1047 360 1048 363 ‘

278 571 365 621 sono
388 549 497 635 canit,
517 569 589 618 non
612 555 736 620 tamen
759 556 800 618 ut
823 555 1006 620 assuetam
1029 548 1244 622 brevitatem
1267 550 1440 623 omittere

279 668 383 758 velit;
406 665 469 738 sed
486 665 684 737 notandum
703 673 759 736 est
777 665 951 758 quomodo
970 667 1134 740 retulerit

480 836 575 899 Albos
589 836 709 899 ossibus
725 837 809 900 Italis
823 836 994 920 Philippos,

283 954 318 1025 et

411 1085 415 1092 ’
481 1063 638 1126 Libertate
653 1081 777 1144 gravem
791 1063 842 1144 pia
855 1062 1004 1126 (tatonem

479 1169 517 1230 Et
532 1168 684 1232 Pelusiaci
698 1167 796 1230 scelus
811 1168 940 1250 Canopi.

276 1333 415 1416 Quibus
434 1331 601 1404 versibus
622 1330 736 1401 multa
753 1331 948 1422 grandiora
965 1331 1307 1424 vehementioraque
1326 1340 1431 1420 sunt;

279 1459 436 1522 attamen
461 1447 651 1539 indignum
676 1455 771 1519 esset
795 1468 837 1520 ea
859 1448 1058 1540 negligere,
1079 1471 1158 1542 quae
1180 1449 1290 1520 animi
1312 1458 1434 1520 motus

278 1568 452 1662 quosdam
481 1566 743 1651 demonstrant,
774 1587 857 1636 cum
895 1565 1093 1658 prasertim
1114 1574 1242 1637 caetera
1260 1567 1429 1660 frigeant.

319 1685 378 1756 Sic
403 1705 423 1755 e
445 1704 566 1755 rerum
588 1704 816 1753 romanarum
838 1682 996 1753 historiis
1021 1683 1156 1753 Statius
1180 1683 1335 1776 plurima
1349 1707 1430 1754 mu-

280 1802 375 1872 tuari
397 1801 500 1882 solet,
517 1800 678 1885 nomina,
696 1800 808 1886 vitoe,
826 1820 883 1871 res
909 1799 1001 1870 bene
1030 1809 1092 1870 aut
1114 1800 1272 1891 graviter
1292 1810 1425 1887 gestas.

283 1918 412 1990 Omnia
432 1918 529 1989 enim
554 1924 739 2010 percenset
763 1919 805 1986 ac'
830 1916 978 2009 colligit,
996 1917 1170 1988 aRomuli
1184 1938 1298 2009 regno
1312 1939 1428 2011 usque

283 2035 329 2108 ad
346 2039 536 2121 Neronem,
556 2060 574 2101 c
590 2035 762 2126 pallidum
779 2033 859 2103 visa
878 2034 1003 2105 matris
1022 2033 1188 2128 lampade
1203 2038 1379 2108 Neronem
1395 2062 1427 2124 a,

281 2154 352 2223 imo
366 2173 481 2244 usque
497 2151 542 2222 ad
556 2151 819 2221 Domitianum:
835 2151 960 2242 dequo
975 2172 1073 2236 vero,
1086 2159 1272 2244 poetarum
1285 2151 1430 2223 licentia

211 2363 214 2371 ‹
279 2249 433 2362 amplius
452 2290 554 2354 usus,
576 2267 690 2339 multa
708 2267 826 2362 fingit,
848 2289 918 2360 quo
938 2268 1111 2339 humilem
1129 2269 1330 2360 foedamque
1350 2273 1429 2363 ejus

280 2385 466 2457 historiam
490 2385 728 2480 splendidiore
753 2393 879 2456 ornatu
903 2385 1056 2457 decoret.
1075 2386 1163 2477 Ejus
1184 2386 1278 2457 enim
1300 2387 1429 2480 poetici

279 2504 463 2597 triumphi,
489 2504 646 2574 humana
671 2511 932 2596 mansuetoque
956 2522 1069 2590 mens,
1094 2503 1222 2590 virtus
1247 2502 1428 2590 fortitudo,

278 2622 516 2713 excelsusque
545 2621 686 2692 animus
713 2622 884 2712 majorem
912 2619 1134 2710 imaginandi
1159 2620 1297 2713 copiam
1323 2642 1430 2711 quam

272 2739 464 2813 veritatem
484 2738 693 2810 ostendunt.

281 2875 286 2884 ·
315 2861 396 2930 Non
415 2855 535 2927 minus
555 2876 575 2926 e
595 2862 771 2926 terrarum
788 2854 1026 2956 descriptione
1041 2864 1154 2948 poetae
1172 2876 1229 2928 res
1247 2855 1430 2948 verbaque

272 2977 404 3047 ducere
422 2974 550 3045 solent.
567 2975 694 3062 Nonne
711 2972 808 3042 enim
822 2972 1101 3064 longinquorum
1118 2981 1180 3043 aut
1195 2973 1288 3046 male
1304 2975 1429 3068 cogni-

274 3099 391 3163 torum
419 3091 579 3161 locorum
607 3088 753 3160 nomina
781 3088 936 3160 incertos
962 3090 1135 3181 quosdam
1160 3090 1430 3185 exquisitosquc

273 3230 402 3281 sensus
430 3207 592 3292 eliciunt,
621 3206 707 3276 dum
737 3227 904 3277 canoram
933 3207 1209 3278 concinnitatem
1237 3228 1278 3278 ac
1306 3209 1430 3281 nescio

273 3326 360 3419 quid
375 3324 462 3415 vagi
478 3323 700 3394 carminibus
718 3322 874 3394 addunt?
890 3323 995 3394 Haud
1011 3323 1115 3395 aliter
1131 3324 1292 3417 cujusvis
1309 3327 1428 3397 aetatis

272 3441 376 3535 lyrici
396 3447 508 3533 poetae
527 3449 757 3522 censuerunt,
778 3439 945 3530 quamvis
966 3439 1049 3509 olim
1069 3460 1129 3512 eos
1148 3441 1287 3512 Bolaeus
1305 3449 1429 3515 noster

272 3557 427 3628 irriserit
443 3584 452 3628 ε

394 3728 497 3809 Irni-Je
511 3726 588 3790 dans
603 3746 665 3790 une
680 3728 736 3791 ode
749 3745 789 3790 en
809 3726 942 3812 stylessde
955 3726 1116 3791 Malberbe

390 3833 639 3916 'l'roublerzdans
654 3834 844 3918 seslroseaux
857 3835 886 3898 le
899 3836 1029 3899 Danube
1044 3836 1187 3917 superbe,

391 3942 531 4006 Delivrer
550 3942 587 4004 de
602 3943 678 4006 Sion
693 3943 722 4006 le
734 3943 845 4025 peuple
860 3944 1038 4024 gemissant,

393 4050 480 4112 Faire
500 4049 645 4113 trembler
660 4050 814 4132 Memphis
829 4070 870 4113 ou
883 4050 962 4133 ptlir
974 4051 1002 4114 le
1017 4052 1181 4132 emissent,

278 4147 283 4162 ’
393 4164 441 4238 lit,
459 4168 583 4242 passant
597 4159 639 4222 du
651 4160 801 4224 Jourdain
811 4160 856 4223 les
871 4160 965 4224 ondes
976 4160 1137 4234 alarmees,

390 4268 518 4334 Cucillir
528 4270 590 4332 mel
605 4271 623 4331 b
637 4288 751 4352 propos
766 4269 812 4332 les
826 4267 944 4352 palmes
959 4267 1118 4333 idumeos?
