3154 4970
763 419 923 484 -70-

267 577 319 648 ita
342 579 426 647 Jaso
447 576 711 648 obliviscitur«
732 597 886 666 regnum
906 578 1025 652 dotale
1040 581 1215 652 Greusaer
1243 581 1420 672 (Heroid.‚

268 697 347 783 XII,
370 694 425 785 53)
436 715 446 782 ;
474 701 599 786 utque,
615 701 709 765 teste
726 698 882 782 Nasone,

449 873 588 935 Praeterit
601 873 666 954 ipsc
683 891 754 936 suos
767 871 873 937 animo
887 875 1090 949 Germanicus
1103 895 1203 939 annos

952 983 1099 1064 (Pontia,
1118 985 1156 1061 ll,
1171 1003 1203 1058 11,
1220 985 1285 1066 73.)

272 1148 323 1218 ita
335 1150 484 1220 Victorii
494 1132 653 1222 Marcelli

488 1331 506 1393 J
510 1330 619 1393 avenis
633 1329 776 1393 facundia
789 1333 927 1414 praeterit
939 1352 1049 1396 annos.

1031 1438 1091 1521 (S.‚
1108 1442 1160 1516 IV,
1175 1459 1217 1518 ιν,
1233 1433 1298 1522 ia.)

313 1605 451 1696 Saepius
467 1605 575 1677 etiam
586 1606 773 1698 paululum
786 1629 893 1679 versa
906 1609 1077 1678 carminis
1091 1611 1210 1702 specie
1225 1631 1267 1679 ao
1280 1609 1421 1680 detorto

270 1720 396 1793 ordine
425 1723 543 1795 aliena
566 1723 679 1795 verba
697 1724 869 1795 imitatur.
900 1729 987 1795 'lum
1017 1747 1089 1796 una
1109 1747 1181 1796 vox
1210 1747 1230 1797 e
1253 1746 1317 1794 suo
1340 1723 1418 1794 loco

267 1846 471 1909 movetur:
498 1840 648 1910 Rutulos
676 1840 827 1911 ornabat
853 1839 1003 1912 «decus
1029 1841 1217 1931 egregium
1245 1841 1366 1910 formae
1397 1869 1414 1908 t)

273 1953 388 2044 (Aia,
405 1957 481 2040 VII,
501 1957 594 2044 t73);
618 1957 670 2026 sic
688 1959 810 2029 Venus
824 1957 995 2049 adspecta
1013 1957 1230 2041 Violentilla‚
1258 1982 1274 2023 o
1297 1959 1418 2026 formae

268 2070 457 2162 egregium
480 2071 610 2142 mirata
628 2071 738 2144 decus
763 2098 780 2139 a
807 2081 861 2144 est
886 2072 954 2163 (d,
980 2074 1008 2154 Ι,
1036 2093 1074 2156 11,
1097 2074 1193 2162 l07);
1216 2094 1357 2144 necnon
1374 2080 1417 2142 ut

268 2185 449 2278 Tityrus«
467 2189 588 2278 parvis
605 2207 816 2279 componere
835 2209 968 2278 magna
987 2213 1005 2256 >r
1023 2188 1171 2271 solebat,
1194 2189 1245 2258 sic
1264 2187 1415 2267 Statius,

268 2302 486 2394 perlustrato
505 2304 642 2376 Claudii
665 2303 806 2375 Etrusci
831 2304 960 2376 balneo
988 2328 996 2374 ε
1020 2331 1037 2370 a
1063 2306 1117 2376 fas
1139 2305 1186 2375 sit
1205 2324 1418 2397 componere

269 2405 412 2510 magnis
432 2422 547 2491 Parva
562 2449 593 2490 a.

312 2536 482 2607 Rationes
497 2536 627 2628 quibus
642 2537 767 2623 utitur,
788 2559 859 2630 quo
874 2537 994 2608 minus
1010 2539 1099 2608 alios
1119 2537 1219 2628 sequi
1234 2537 1414 2624 videatur,

268 2672 341 2722 non
359 2651 415 2722 hae
432 2660 517 2723 sunt
539 2676 619 2745 quae
639 2655 734 2723 furta
753 2653 890 2725 occulte
912 2662 1034 2744 tegere
1054 2655 1205 2746 possint,
1224 2654 1301 2725 sive
1320 2654 1415 2745 quod

267 2768 420 2839 verbum
445 2768 483 2838 in
508 2769 605 2839 aliud
630 2770 794 2854 vertitur,
821 2771 899 2840 sive
924 2791 1031 2840 voces
1054 2770 1219 2863 quaedam
1238 2771 1416 2842 accedunt

268 2892 330 2952 aut
351 2885 632 2976 supprimuntur.
652 2888 739 2955 Cum
758 2886 854 2956 enim
874 2887 1009 2956 Statius
1026 2886 1177 2957 scribit:

326 3062 456 3150 Tectum
467 3069 646 3143 augustum,
659 3063 781 3144 ingens,
797 3081 861 3124 non
871 3071 996 3126 centum
1011 3065 1132 3146 insigne
1147 3064 1312 3141 columnis,
1350 3125 1353 3130 .

1030 3169 1091 3255 (S.‚
1108 3174 1161 3250 IV,
1178 3191 1211 3249 11,
1229 3173 1293 3253 18.)

266 3337 362 3410 haud
376 3339 528 3410 arduum
549 3338 589 3409 fit
607 3339 853 3428 Vergilianum
870 3339 959 3409 illud
979 3360 1259 3432 recognoscere:

363 3519 491 3580 Tectum
506 3525 685 3598 augustum,
703 3519 825 3599 ingens,
842 3525 966 3582 centum
983 3519 1114 3581 sublime
1129 3518 1293 3582 columnis.

1001 3625 1106 3708 (ma,
1123 3627 1191 3700 Vll,
1208 3623 1294 3708 170.)

307 3806 335 3872 Ε
354 3802 518 3896 pluribus
534 3802 654 3874 verbis
671 3823 765 3897 saepe
779 3824 892 3874 unum
906 3803 1151 3874 tautummodo
1169 3811 1302 3889 servat,
1318 3803 1414 3894 quod

263 3906 481 4011 praecipuum
500 3926 567 4000 est,
592 3927 796 4010 ceteraque,
822 3919 927 4008 quasi
946 3920 1110 3990 columen
1132 3918 1323 4011 quoddam,
1343 3919 1413 3988 ful·

262 4033 335 4104 circ
352 4033 507 4105 videtur.
529 4035 672 4104 Etenim
686 4035 721 4104 in
738 4035 900 4120 AEoct'atc,
916 4037 1010 4105 Juno
1028 4035 1142 4105 fertur
1160 4034 1413 4126 Carthaginem

262 4161 279 4216 'o
296 4149 502 4242 posthabita
512 4150 666 4222 coluisse
682 4153 788 4222 Samo
805 4173 844 4240 »3
862 4151 990 4221 iisdem
1004 4149 1126 4223 verbis
1147 4151 1305 4221 Victorio
1319 4153 1412 4219 Mar-

261 4267 349 4340 cello
364 4267 562 4341 maximum
577 4267 737 4344 studium
750 4275 805 4340 cst
820 4270 995 4346 Gaesarom
1011 4292 1029 4334 o
1041 4267 1246 4372 posthabito
1257 4267 1413 4350 coluisse
