<?xml version="1.0" encoding="UTF-8"?>
<!DOCTYPE html PUBLIC "-//W3C//DTD XHTML 1.0 Transitional//EN"
    "http://www.w3.org/TR/xhtml1/DTD/xhtml1-transitional.dtd">
<html xmlns="http://www.w3.org/1999/xhtml" xml:lang="en" lang="en">
 <head>
  <title>
</title>
<meta http-equiv="Content-Type" content="text/html;charset=utf-8" />
  <meta name='ocr-system' content='tesseract 3.04.00' />
  <meta name='ocr-capabilities' content='ocr_page ocr_carea ocr_par ocr_line ocrx_word'/>
</head>
<body>
  <div class='ocr_page' id='page_1' title='image "./deppapiniistati00clargoog_0033.png"; bbox 0 0 3154 4970; ppageno 0'>
   <div class='ocr_carea' id='block_1_1' title="bbox 578 394 737 458">
    <p class='ocr_par' dir='ltr' id='par_1_1' title="bbox 578 394 737 458">
     <span class='ocr_line' id='line_1_1' title="bbox 578 394 737 458; baseline 0.013 -18"><span class='ocrx_word' id='word_1_1' title='bbox 578 394 737 458; x_wconf 73' lang='lat'><strong>..27..</strong></span> 
     </span>
    </p>
   </div>
   <div class='ocr_carea' id='block_1_2' title="bbox 87 551 1230 993">
    <p class='ocr_par' dir='ltr' id='par_1_2' title="bbox 87 551 1230 993">
     <span class='ocr_line' id='line_1_2' title="bbox 93 551 1230 648; baseline -0.003 -26"><span class='ocrx_word' id='word_1_2' title='bbox 93 553 185 624; x_wconf 92' lang='lat' dir='ltr'>nobis</span> <span class='ocrx_word' id='word_1_3' title='bbox 204 553 363 646; x_wconf 83' lang='lat' dir='ltr'>depingit</span> <span class='ocrx_word' id='word_1_4' title='bbox 379 554 556 648; x_wconf 81' lang='lat' dir='ltr'>propriam</span> <span class='ocrx_word' id='word_1_5' title='bbox 576 553 689 646; x_wconf 84' lang='lat' dir='ltr'>ipsius</span> <span class='ocrx_word' id='word_1_6' title='bbox 704 552 861 639; x_wconf 89' lang='lat' dir='ltr'>domum,</span> <span class='ocrx_word' id='word_1_7' title='bbox 883 572 1059 645; x_wconf 88' lang='lat' dir='ltr'>suumque</span> <span class='ocrx_word' id='word_1_8' title='bbox 1072 551 1156 621; x_wconf 79' lang='lat' dir='ltr'>vitae</span> <span class='ocrx_word' id='word_1_9' title='bbox 1169 570 1230 639; x_wconf 87' lang='lat' dir='ltr'>ge-</span> 
     </span>
     <span class='ocr_line' id='line_1_3' title="bbox 93 665 1229 756; baseline -0.003 -18"><span class='ocrx_word' id='word_1_10' title='bbox 93 692 155 738; x_wconf 90' lang='lat' dir='ltr'>nus</span> <span class='ocrx_word' id='word_1_11' title='bbox 180 690 220 740; x_wconf 88' lang='lat' dir='ltr'>ac</span> <span class='ocrx_word' id='word_1_12' title='bbox 245 677 418 756; x_wconf 88' lang='lat' dir='ltr'>tenorem,</span> <span class='ocrx_word' id='word_1_13' title='bbox 440 671 525 742; x_wconf 90' lang='lat' dir='ltr'>dum</span> <span class='ocrx_word' id='word_1_14' title='bbox 552 671 645 740; x_wconf 88' lang='lat' dir='ltr'>inter</span> <span class='ocrx_word' id='word_1_15' title='bbox 665 668 834 739; x_wconf 79' lang='lat' dir='ltr'>dilectam</span> <span class='ocrx_word' id='word_1_16' title='bbox 865 689 1013 740; x_wconf 88' lang='lat' dir='ltr'>uxorem</span> <span class='ocrx_word' id='word_1_17' title='bbox 1048 665 1229 737; x_wconf 88' lang='lat' dir='ltr'>amatissi-</span> 
     </span>
     <span class='ocr_line' id='line_1_4' title="bbox 93 775 1228 879; baseline -0.001 -26"><span class='ocrx_word' id='word_1_18' title='bbox 93 806 247 877; x_wconf 87' lang='lat' dir='ltr'>mamque</span> <span class='ocrx_word' id='word_1_19' title='bbox 264 793 301 857; x_wconf 90' lang='lat' dir='ltr'>et</span> <span class='ocrx_word' id='word_1_20' title='bbox 323 785 588 879; x_wconf 88' lang='lat' dir='ltr'>pulchritudine</span> <span class='ocrx_word' id='word_1_21' title='bbox 604 795 639 856; x_wconf 88' lang='lat' dir='ltr'>et</span> <span class='ocrx_word' id='word_1_22' title='bbox 662 784 809 877; x_wconf 82' lang='lat' dir='ltr'>ingenio</span> <span class='ocrx_word' id='word_1_23' title='bbox 832 775 1060 876; x_wconf 81' lang='lat' dir='ltr'>conspicuam</span> <span class='ocrx_word' id='word_1_24' title='bbox 1083 782 1228 853; x_wconf 89' lang='lat' dir='ltr'>filiolam</span> 
     </span>
     <span class='ocr_line' id='line_1_5' title="bbox 87 900 383 993; baseline 0.003 -22"><span class='ocrx_word' id='word_1_25' title='bbox 87 900 236 992; x_wconf 88' lang='lat' dir='ltr'>jucunde</span> <span class='ocrx_word' id='word_1_26' title='bbox 254 901 353 993; x_wconf 84' lang='lat' dir='ltr'>degit</span> <span class='ocrx_word' id='word_1_27' title='bbox 375 925 383 972; x_wconf 92' lang='lat'>:</span> 
     </span>
    </p>
   </div>
   <div class='ocr_carea' id='block_1_3' title="bbox 243 1071 1035 1255">
    <p class='ocr_par' dir='ltr' id='par_1_3' title="bbox 243 1071 1035 1255">
     <span class='ocr_line' id='line_1_6' title="bbox 243 1071 1006 1154; baseline 0.005 -20"><span class='ocrx_word' id='word_1_28' title='bbox 243 1071 313 1134; x_wconf 89' lang='lat' dir='ltr'>Sive</span> <span class='ocrx_word' id='word_1_29' title='bbox 328 1072 440 1154; x_wconf 79' lang='lat' dir='ltr'>chelyn</span> <span class='ocrx_word' id='word_1_30' title='bbox 454 1071 611 1153; x_wconf 82' lang='lat' dir='ltr'>complexa</span> <span class='ocrx_word' id='word_1_31' title='bbox 625 1071 706 1147; x_wconf 82' lang='lat' dir='ltr'>ferit,</span> <span class='ocrx_word' id='word_1_32' title='bbox 722 1091 777 1134; x_wconf 89' lang='lat' dir='ltr'>seu</span> <span class='ocrx_word' id='word_1_33' title='bbox 791 1090 863 1136; x_wconf 91' lang='lat' dir='ltr'>voce</span> <span class='ocrx_word' id='word_1_34' title='bbox 878 1079 1006 1153; x_wconf 79' lang='lat' dir='ltr'>paterne</span> 
     </span>
     <span class='ocr_line' id='line_1_7' title="bbox 243 1178 1035 1255; baseline -0.003 -13"><span class='ocrx_word' id='word_1_35' title='bbox 243 1178 431 1242; x_wconf 87' lang='lat' dir='ltr'>Discendum</span> <span class='ocrx_word' id='word_1_36' title='bbox 445 1180 538 1242; x_wconf 89' lang='lat' dir='ltr'>llusis</span> <span class='ocrx_word' id='word_1_37' title='bbox 552 1187 641 1242; x_wconf 88' lang='lat' dir='ltr'>sonat</span> <span class='ocrx_word' id='word_1_38' title='bbox 651 1189 680 1241; x_wconf 89' lang='lat' dir='ltr'>et</span> <span class='ocrx_word' id='word_1_39' title='bbox 694 1199 763 1242; x_wconf 90' lang='lat' dir='ltr'>mea</span> <span class='ocrx_word' id='word_1_40' title='bbox 777 1179 915 1242; x_wconf 86' lang='lat' dir='ltr'>carmina</span> <span class='ocrx_word' id='word_1_41' title='bbox 930 1178 1035 1255; x_wconf 86' lang='lat' dir='ltr'>flectit,</span> 
     </span>
    </p>
   </div>
   <div class='ocr_carea' id='block_1_4' title="bbox 243 1285 1107 1475">
    <p class='ocr_par' dir='ltr' id='par_1_4' title="bbox 243 1285 1107 1475">
     <span class='ocr_line' id='line_1_8' title="bbox 243 1285 933 1350; baseline -0.003 0"><span class='ocrx_word' id='word_1_42' title='bbox 243 1285 381 1350; x_wconf 76' lang='lat' dir='ltr'>Candide</span> <span class='ocrx_word' id='word_1_43' title='bbox 395 1305 450 1349; x_wconf 87' lang='lat' dir='ltr'>seu</span> <span class='ocrx_word' id='word_1_44' title='bbox 463 1286 550 1348; x_wconf 90' lang='lat' dir='ltr'>molli</span> <span class='ocrx_word' id='word_1_45' title='bbox 565 1287 682 1350; x_wconf 84' lang='lat' dir='ltr'>diducit</span> <span class='ocrx_word' id='word_1_46' title='bbox 697 1286 822 1350; x_wconf 86' lang='lat' dir='ltr'>brechia</span> <span class='ocrx_word' id='word_1_47' title='bbox 836 1293 933 1350; x_wconf 87' lang='lat' dir='ltr'>motu.</span> 
     </span>
     <span class='ocr_line' id='line_1_9' title="bbox 843 1389 1107 1475; baseline 0.004 -22"><span class='ocrx_word' id='word_1_48' title='bbox 843 1389 904 1475; x_wconf 79' lang='lat' dir='ltr'><strong>(S.‚</strong></span> <span class='ocrx_word' id='word_1_49' title='bbox 922 1393 978 1472; x_wconf 92' lang='lat' dir='ltr'>Ill,</span> <span class='ocrx_word' id='word_1_50' title='bbox 995 1411 1026 1470; x_wconf 85' lang='lat' dir='ltr'>v,</span> <span class='ocrx_word' id='word_1_51' title='bbox 1042 1396 1107 1473; x_wconf 78' lang='lat' dir='ltr'>et.)</span> 
     </span>
    </p>
   </div>
   <div class='ocr_carea' id='block_1_5' title="bbox 86 1551 1228 2086">
    <p class='ocr_par' dir='ltr' id='par_1_5' title="bbox 86 1551 1228 2086">
     <span class='ocr_line' id='line_1_10' title="bbox 132 1551 1227 1643; baseline 0 -23"><span class='ocrx_word' id='word_1_52' title='bbox 132 1551 248 1622; x_wconf 83' lang='lat' dir='ltr'>Liceat</span> <span class='ocrx_word' id='word_1_53' title='bbox 261 1551 364 1622; x_wconf 88' lang='lat' dir='ltr'>nobis</span> <span class='ocrx_word' id='word_1_54' title='bbox 379 1551 471 1621; x_wconf 89' lang='lat' dir='ltr'>hanc</span> <span class='ocrx_word' id='word_1_55' title='bbox 492 1551 748 1643; x_wconf 89' lang='lat' dir='ltr'>lepidissimam</span> <span class='ocrx_word' id='word_1_56' title='bbox 765 1551 966 1623; x_wconf 85' lang='lat' dir='ltr'>domesticas</span> <span class='ocrx_word' id='word_1_57' title='bbox 981 1552 1065 1621; x_wconf 88' lang='lat' dir='ltr'>vitae</span> <span class='ocrx_word' id='word_1_58' title='bbox 1084 1567 1227 1622; x_wconf 87' lang='lat' dir='ltr'>scenam</span> 
     </span>
     <span class='ocr_line' id='line_1_11' title="bbox 90 1665 1228 1758; baseline 0.001 -23"><span class='ocrx_word' id='word_1_59' title='bbox 90 1669 178 1758; x_wconf 76' lang='lat' dir='ltr'>(quse</span> <span class='ocrx_word' id='word_1_60' title='bbox 191 1668 294 1737; x_wconf 89' lang='lat' dir='ltr'>nobis</span> <span class='ocrx_word' id='word_1_61' title='bbox 312 1668 351 1738; x_wconf 92' lang='lat' dir='ltr'>in</span> <span class='ocrx_word' id='word_1_62' title='bbox 371 1675 526 1739; x_wconf 91' lang='lat' dir='ltr'>mentem</span> <span class='ocrx_word' id='word_1_63' title='bbox 546 1669 651 1739; x_wconf 78' lang='lat' dir='ltr'>refert</span> <span class='ocrx_word' id='word_1_64' title='bbox 672 1669 756 1739; x_wconf 82' lang='lat' dir='ltr'>vitae</span> <span class='ocrx_word' id='word_1_65' title='bbox 772 1689 886 1758; x_wconf 82' lang='lat' dir='ltr'>genus</span> <span class='ocrx_word' id='word_1_66' title='bbox 899 1669 937 1738; x_wconf 91' lang='lat' dir='ltr'>in</span> <span class='ocrx_word' id='word_1_67' title='bbox 952 1668 1058 1738; x_wconf 90' lang='lat' dir='ltr'>Plinii</span> <span class='ocrx_word' id='word_1_68' title='bbox 1073 1665 1228 1740; x_wconf 85' lang='lat' dir='ltr'>Secundi</span> 
     </span>
     <span class='ocr_line' id='line_1_12' title="bbox 88 1784 1227 1876; baseline 0.001 -24"><span class='ocrx_word' id='word_1_69' title='bbox 88 1784 187 1853; x_wconf 90' lang='lat' dir='ltr'>domo</span> <span class='ocrx_word' id='word_1_70' title='bbox 202 1785 413 1876; x_wconf 85' lang='lat' dir='ltr'>acceptum),</span> <span class='ocrx_word' id='word_1_71' title='bbox 430 1805 510 1854; x_wconf 92' lang='lat' dir='ltr'>cum</span> <span class='ocrx_word' id='word_1_72' title='bbox 528 1784 873 1855; x_wconf 84' lang='lat' dir='ltr'>recentioribusillis</span> <span class='ocrx_word' id='word_1_73' title='bbox 884 1784 1048 1855; x_wconf 89' lang='lat' dir='ltr'>versibus</span> <span class='ocrx_word' id='word_1_74' title='bbox 1057 1786 1227 1869; x_wconf 85' lang='lat' dir='ltr'>conferre,</span> 
     </span>
     <span class='ocr_line' id='line_1_13' title="bbox 86 1899 1228 1992; baseline 0 -24"><span class='ocrx_word' id='word_1_75' title='bbox 86 1899 146 1969; x_wconf 91' lang='lat' dir='ltr'>ubi</span> <span class='ocrx_word' id='word_1_76' title='bbox 165 1908 268 1992; x_wconf 84' lang='lat' dir='ltr'>poeta</span> <span class='ocrx_word' id='word_1_77' title='bbox 287 1900 375 1971; x_wconf 89' lang='lat' dir='ltr'>alter</span> <span class='ocrx_word' id='word_1_78' title='bbox 394 1899 551 1986; x_wconf 88' lang='lat' dir='ltr'>filiolam,</span> <span class='ocrx_word' id='word_1_79' title='bbox 574 1901 699 1973; x_wconf 91' lang='lat' dir='ltr'>domus</span> <span class='ocrx_word' id='word_1_80' title='bbox 723 1902 831 1973; x_wconf 89' lang='lat' dir='ltr'>decus</span> <span class='ocrx_word' id='word_1_81' title='bbox 851 1911 886 1973; x_wconf 87' lang='lat' dir='ltr'>et</span> <span class='ocrx_word' id='word_1_82' title='bbox 907 1902 1088 1987; x_wconf 88' lang='lat' dir='ltr'>honorem,</span> <span class='ocrx_word' id='word_1_83' title='bbox 1110 1899 1228 1969; x_wconf 86' lang='lat' dir='ltr'>laudi-</span> 
     </span>
     <span class='ocr_line' id='line_1_14' title="bbox 88 2016 1194 2086; baseline 0.01 -2"><span class='ocrx_word' id='word_1_84' title='bbox 88 2016 154 2085; x_wconf 88' lang='lat' dir='ltr'>bus</span> <span class='ocrx_word' id='word_1_85' title='bbox 173 2024 275 2086; x_wconf 89' lang='lat' dir='ltr'>ornat</span> <span class='ocrx_word' id='word_1_86' title='bbox 297 2036 304 2086; x_wconf 93' lang='lat'>:</span> <span class='ocrx_word' id='word_1_87' title='bbox 1190 2033 1194 2039; x_wconf 83' lang='lat'>&#39;</span> 
     </span>
    </p>
   </div>
   <div class='ocr_carea' id='block_1_6' title="bbox 182 2187 1065 2497">
    <p class='ocr_par' dir='ltr' id='par_1_6' title="bbox 182 2187 1065 2497">
     <span class='ocr_line' id='line_1_15' title="bbox 250 2187 988 2271; baseline 0 -21"><span class='ocrx_word' id='word_1_88' title='bbox 250 2188 377 2268; x_wconf 74' lang='lat' dir='ltr'>Lepore</span> <span class='ocrx_word' id='word_1_89' title='bbox 390 2206 471 2268; x_wconf 87' lang='lat' dir='ltr'>pour</span> <span class='ocrx_word' id='word_1_90' title='bbox 485 2187 514 2250; x_wconf 87' lang='lat' dir='ltr'>la</span> <span class='ocrx_word' id='word_1_91' title='bbox 528 2188 595 2250; x_wconf 87' lang='lat' dir='ltr'>voir</span> <span class='ocrx_word' id='word_1_92' title='bbox 605 2187 698 2251; x_wconf 80' lang='lat' dir='ltr'>laissa</span> <span class='ocrx_word' id='word_1_93' title='bbox 712 2189 817 2270; x_wconf 89' lang='lat' dir='ltr'>plume</span> <span class='ocrx_word' id='word_1_94' title='bbox 827 2199 858 2252; x_wconf 88' lang='lat' dir='ltr'>et</span> <span class='ocrx_word' id='word_1_95' title='bbox 872 2190 988 2271; x_wconf 87' lang='lat' dir='ltr'>papier,</span> 
     </span>
     <span class='ocr_line' id='line_1_16' title="bbox 183 2292 1065 2388; baseline 0.003 -32"><span class='ocrx_word' id='word_1_96' title='bbox 183 2295 221 2356; x_wconf 82' lang='lat' dir='ltr'>ut</span> <span class='ocrx_word' id='word_1_97' title='bbox 234 2292 264 2355; x_wconf 85' lang='lat' dir='ltr'>lc</span> <span class='ocrx_word' id='word_1_98' title='bbox 278 2297 373 2368; x_wconf 77' lang='lat' dir='ltr'>merc,</span> <span class='ocrx_word' id='word_1_99' title='bbox 390 2313 429 2356; x_wconf 87' lang='lat' dir='ltr'>eu</span> <span class='ocrx_word' id='word_1_100' title='bbox 442 2294 548 2358; x_wconf 89' lang='lat' dir='ltr'>milieu</span> <span class='ocrx_word' id='word_1_101' title='bbox 563 2295 656 2358; x_wconf 92' lang='lat' dir='ltr'>d&#39;une</span> <span class='ocrx_word' id='word_1_102' title='bbox 670 2295 748 2358; x_wconf 83' lang='lat' dir='ltr'>fleur</span> <span class='ocrx_word' id='word_1_103' title='bbox 763 2296 927 2372; x_wconf 67' lang='lat' dir='ltr'>thaucbta</span> <span class='ocrx_word' id='word_1_104' title='bbox 1064 2380 1065 2388; x_wconf 8' lang='grc' dir='ltr'>ἵ</span> 
     </span>
     <span class='ocr_line' id='line_1_17' title="bbox 182 2401 946 2497; baseline 0.004 -34"><span class='ocrx_word' id='word_1_105' title='bbox 182 2402 286 2477; x_wconf 86' lang='lat' dir='ltr'>Quitte</span> <span class='ocrx_word' id='word_1_106' title='bbox 295 2401 446 2497; x_wconf 82' lang='lat' dir='ltr'>l’aiguille</span> <span class='ocrx_word' id='word_1_107' title='bbox 456 2410 486 2464; x_wconf 89' lang='lat' dir='ltr'>et</span> <span class='ocrx_word' id='word_1_108' title='bbox 500 2410 579 2464; x_wconf 83' lang='lat' dir='ltr'>reste</span> <span class='ocrx_word' id='word_1_109' title='bbox 590 2401 750 2466; x_wconf 85' lang='lat' dir='ltr'>immobile</span> <span class='ocrx_word' id='word_1_110' title='bbox 761 2411 791 2465; x_wconf 89' lang='lat' dir='ltr'>et</span> <span class='ocrx_word' id='word_1_111' title='bbox 802 2403 946 2485; x_wconf 75' lang='lat' dir='ltr'>pcnchte.</span> 
     </span>
    </p>
   </div>
   <div class='ocr_carea' id='block_1_7' title="bbox 183 2508 1110 3022">
    <p class='ocr_par' dir='ltr' id='par_1_7' title="bbox 184 2508 872 2590">
     <span class='ocr_line' id='line_1_18' title="bbox 184 2508 872 2590; baseline 0.001 -18"><span class='ocrx_word' id='word_1_112' title='bbox 184 2510 222 2572; x_wconf 80' lang='lat' dir='ltr'>ut</span> <span class='ocrx_word' id='word_1_113' title='bbox 237 2508 534 2590; x_wconf 80' lang='lat' dir='ltr'>s’cntre-regardant</span> <span class='ocrx_word' id='word_1_114' title='bbox 548 2513 648 2587; x_wconf 74' lang='lat' dir='ltr'>emus,</span> <span class='ocrx_word' id='word_1_115' title='bbox 670 2510 872 2584; x_wconf 77' lang='lat' dir='ltr'>tmerveillts‚</span> 
     </span>
    </p>

    <p class='ocr_par' dir='ltr' id='par_1_8' title="bbox 185 2614 1047 2701">
     <span class='ocr_line' id='line_1_19' title="bbox 185 2614 1047 2701; baseline 0 -24"><span class='ocrx_word' id='word_1_116' title='bbox 185 2614 226 2678; x_wconf 90' lang='lat' dir='ltr'>lls</span> <span class='ocrx_word' id='word_1_117' title='bbox 241 2615 450 2697; x_wconf 87' lang='lat' dir='ltr'>contemplcnt</span> <span class='ocrx_word' id='word_1_118' title='bbox 468 2625 540 2679; x_wconf 89' lang='lat' dir='ltr'>tous</span> <span class='ocrx_word' id='word_1_119' title='bbox 555 2618 633 2680; x_wconf 86' lang='lat' dir='ltr'>deux</span> <span class='ocrx_word' id='word_1_120' title='bbox 648 2637 719 2681; x_wconf 86' lang='lat' dir='ltr'>avec</span> <span class='ocrx_word' id='word_1_121' title='bbox 733 2618 786 2681; x_wconf 89' lang='lat' dir='ltr'>des</span> <span class='ocrx_word' id='word_1_122' title='bbox 800 2639 881 2701; x_wconf 82' lang='lat' dir='ltr'>yeux</span> <span class='ocrx_word' id='word_1_123' title='bbox 896 2617 1047 2693; x_wconf 74' lang='lat' dir='ltr'>mouilles,</span> 
     </span>
    </p>

    <p class='ocr_par' dir='ltr' id='par_1_9' title="bbox 184 2719 901 2806">
     <span class='ocr_line' id='line_1_20' title="bbox 184 2719 901 2806; baseline 0.001 -21"><span class='ocrx_word' id='word_1_124' title='bbox 184 2723 228 2785; x_wconf 83' lang='lat' dir='ltr'>La</span> <span class='ocrx_word' id='word_1_125' title='bbox 242 2723 324 2804; x_wconf 87' lang='lat' dir='ltr'>perle</span> <span class='ocrx_word' id='word_1_126' title='bbox 339 2723 377 2784; x_wconf 90' lang='lat' dir='ltr'>de</span> <span class='ocrx_word' id='word_1_127' title='bbox 390 2722 507 2799; x_wconf 77' lang='lat' dir='ltr'>l’dcrin‚</span> <span class='ocrx_word' id='word_1_128' title='bbox 524 2724 663 2806; x_wconf 83' lang='lat' dir='ltr'>l’orgueil</span> <span class='ocrx_word' id='word_1_129' title='bbox 678 2727 715 2789; x_wconf 88' lang='lat' dir='ltr'>de</span> <span class='ocrx_word' id='word_1_130' title='bbox 730 2725 760 2787; x_wconf 88' lang='lat' dir='ltr'>la</span> <span class='ocrx_word' id='word_1_131' title='bbox 774 2719 901 2805; x_wconf 77' lang='lat' dir='ltr'>famido,</span> 
     </span>
    </p>

    <p class='ocr_par' dir='ltr' id='par_1_10' title="bbox 183 2829 1110 3022">
     <span class='ocr_line' id='line_1_21' title="bbox 183 2829 929 2912; baseline 0.004 -20"><span class='ocrx_word' id='word_1_132' title='bbox 183 2831 227 2892; x_wconf 86' lang='lat' dir='ltr'>La</span> <span class='ocrx_word' id='word_1_133' title='bbox 241 2829 290 2893; x_wconf 89' lang='lat' dir='ltr'>vie</span> <span class='ocrx_word' id='word_1_134' title='bbox 300 2836 331 2893; x_wconf 87' lang='lat' dir='ltr'>et</span> <span class='ocrx_word' id='word_1_135' title='bbox 340 2829 370 2892; x_wconf 87' lang='lat' dir='ltr'>la</span> <span class='ocrx_word' id='word_1_136' title='bbox 381 2831 462 2912; x_wconf 78' lang='lat' dir='ltr'>gaitt</span> <span class='ocrx_word' id='word_1_137' title='bbox 475 2831 512 2894; x_wconf 88' lang='lat' dir='ltr'>de</span> <span class='ocrx_word' id='word_1_138' title='bbox 527 2831 557 2894; x_wconf 88' lang='lat' dir='ltr'>le</span> <span class='ocrx_word' id='word_1_139' title='bbox 571 2832 704 2912; x_wconf 87' lang='lat' dir='ltr'>maison,</span> <span class='ocrx_word' id='word_1_140' title='bbox 726 2868 759 2878; x_wconf 93' lang='lat'><em>-</em></span> <span class='ocrx_word' id='word_1_141' title='bbox 772 2833 840 2896; x_wconf 86' lang='lat' dir='ltr'>leur</span> <span class='ocrx_word' id='word_1_142' title='bbox 855 2831 929 2895; x_wconf 89' lang='lat' dir='ltr'>fille.</span> 
     </span>
     <span class='ocr_line' id='line_1_22' title="bbox 747 2939 1110 3022; baseline -0.006 -20"><span class='ocrx_word' id='word_1_143' title='bbox 747 2941 917 3022; x_wconf 76' lang='lat' dir='ltr'>(Tuncrum,</span> <span class='ocrx_word' id='word_1_144' title='bbox 933 2939 1110 3021; x_wconf 70' lang='lat' dir='ltr'>Ioteicur.)</span> 
     </span>
    </p>
   </div>
   <div class='ocr_carea' id='block_1_8' title="bbox 73 3097 1230 3424">
    <p class='ocr_par' dir='ltr' id='par_1_11' title="bbox 73 3097 1230 3424">
     <span class='ocr_line' id='line_1_23' title="bbox 125 3097 1230 3190; baseline 0 -24"><span class='ocrx_word' id='word_1_145' title='bbox 125 3099 393 3188; x_wconf 89' lang='lat' dir='ltr'>Nonnunquam</span> <span class='ocrx_word' id='word_1_146' title='bbox 412 3097 524 3189; x_wconf 84' lang='lat' dir='ltr'>igitur</span> <span class='ocrx_word' id='word_1_147' title='bbox 536 3100 672 3170; x_wconf 85' lang='lat' dir='ltr'>Statius</span> <span class='ocrx_word' id='word_1_148' title='bbox 686 3099 851 3171; x_wconf 90' lang='lat' dir='ltr'>dulcibus</span> <span class='ocrx_word' id='word_1_149' title='bbox 866 3099 1103 3190; x_wconf 89' lang='lat' dir='ltr'>mollibusque</span> <span class='ocrx_word' id='word_1_150' title='bbox 1117 3097 1230 3170; x_wconf 86' lang='lat' dir='ltr'>sensi-</span> 
     </span>
     <span class='ocr_line' id='line_1_24' title="bbox 76 3211 1230 3309; baseline 0 -27"><span class='ocrx_word' id='word_1_151' title='bbox 76 3213 148 3282; x_wconf 87' lang='lat' dir='ltr'>bus</span> <span class='ocrx_word' id='word_1_152' title='bbox 164 3211 350 3282; x_wconf 87' lang='lat' dir='ltr'>afficitur:</span> <span class='ocrx_word' id='word_1_153' title='bbox 376 3235 466 3304; x_wconf 89' lang='lat' dir='ltr'>quos</span> <span class='ocrx_word' id='word_1_154' title='bbox 486 3215 616 3306; x_wconf 85' lang='lat' dir='ltr'>saepius</span> <span class='ocrx_word' id='word_1_155' title='bbox 644 3225 801 3309; x_wconf 90' lang='lat' dir='ltr'>permoto</span> <span class='ocrx_word' id='word_1_156' title='bbox 826 3215 954 3302; x_wconf 84' lang='lat' dir='ltr'>animo,</span> <span class='ocrx_word' id='word_1_157' title='bbox 986 3215 1230 3306; x_wconf 81' lang='lat' dir='ltr'>neglectisque</span> 
     </span>
     <span class='ocr_line' id='line_1_25' title="bbox 73 3327 1155 3424; baseline 0.003 -26"><span class='ocrx_word' id='word_1_158' title='bbox 73 3327 281 3399; x_wconf 85' lang='lat' dir='ltr'>eruditione</span> <span class='ocrx_word' id='word_1_159' title='bbox 299 3336 334 3400; x_wconf 92' lang='lat' dir='ltr'>et</span> <span class='ocrx_word' id='word_1_160' title='bbox 354 3331 533 3401; x_wconf 72' lang='lat' dir='ltr'>memoriae</span> <span class='ocrx_word' id='word_1_161' title='bbox 547 3332 651 3423; x_wconf 83' lang='lat' dir='ltr'>jocis,</span> <span class='ocrx_word' id='word_1_162' title='bbox 672 3333 777 3403; x_wconf 87' lang='lat' dir='ltr'>abeo</span> <span class='ocrx_word' id='word_1_163' title='bbox 797 3331 947 3424; x_wconf 84' lang='lat' dir='ltr'>exprimi</span> <span class='ocrx_word' id='word_1_164' title='bbox 967 3330 1155 3402; x_wconf 83' lang='lat' dir='ltr'>desideres,</span> 
     </span>
    </p>
   </div>
   <div class='ocr_carea' id='block_1_9' title="bbox 0 0 1582 4970">
    <p class='ocr_par' dir='ltr' id='par_1_12' title="bbox 0 0 1582 4970">
     <span class='ocr_line' id='line_1_26' title="bbox 0 0 1582 4970; baseline 0 3"><span class='ocrx_word' id='word_1_165' title='bbox 0 0 1582 4970; x_wconf 95' lang='lat' dir='ltr'> </span> 
     </span>
    </p>
   </div>
  </div>
 </body>
</html>
