3154 4970
756 343 915 406 ..15-

257 501 357 594 probi
382 501 521 572 Phaedri
545 504 646 594 jocos
670 503 870 588 aemulatur,
895 511 956 572 aut
984 501 1198 594 Sophocleos
1218 499 1410 571 cothurnos

153 639 176 655 ²
255 617 373 689 induit
388 619 456 709 (l);
476 626 609 688 etcum
627 619 802 711 Vopiscus
821 618 1020 690 Pindaricis
1038 618 1185 710 plectris
1210 616 1407 696 contendit,

222 799 226 806 .
257 744 320 805 aut
335 734 380 804 ad
395 733 504 805 heroa
522 735 652 806 robora
666 736 798 829 chelyn
816 735 909 807 tollit
929 736 998 826 (2);
1016 743 1148 807 etcum
1169 731 1412 804 callimachus

254 851 408 921 facundo
435 851 607 922 Brutiano
632 852 787 945 palmam
817 853 914 924 cedit
938 854 985 944 (3)
998 875 1008 940 ;
1041 851 1099 924 vel
1121 874 1203 923 cum
1222 859 1277 922 tot
1301 849 1412 921 ceteri

257 985 372 1054 graece
391 965 549 1038 latinevc
563 971 685 1037 Musas
702 969 800 1038 omni
819 968 923 1038 modo
942 977 1082 1039 tentare
1107 975 1215 1060 atque
1242 968 1413 1035 invocare

254 1089 405 1153 certant.
433 1084 620 1167 Martialis,
650 1085 838 1156 luvenalis
867 1085 1019 1156 Statiive
1039 1085 1200 1156 carmina
1220 1090 1283 1154 aut
1303 1079 1413 1152 Plinii

254 1198 416 1270 Junioris
436 1202 607 1294 epistolas
622 1203 758 1293 legenti
778 1210 851 1272 tam
871 1202 973 1274 densi
993 1209 1197 1288 occurrunt,

338 1422 438 1497 Quam
454 1424 561 1486 multae
578 1424 789 1507 glomerantur
802 1445 885 1502 aves,
903 1444 999 1507 quum
1014 1424 1147 1505 frigidus
1161 1442 1264 1486 annus

337 1530 437 1593 Trans
451 1538 582 1612 pontum
597 1531 695 1614 lugat.

300 1742 557 1813 Communihus
583 1744 696 1835 igitur
720 1745 836 1814 aetatis
865 1766 939 1814 suae
959 1744 1089 1815 studiis
1114 1744 1251 1814 Statius
1276 1741 1410 1834 paruit,

256 1878 326 1948 quo
354 1859 498 1929 facilius
531 1859 713 1952 publicum
746 1862 906 1932 favorem
929 1861 1225 1953 privatorumque
1256 1859 1412 1951 gratiam

255 1981 429 2066 captaret.
450 1976 506 2047 Ad
520 1998 628 2068 quam
642 1978 903 2068 assequendam
923 1977 1076 2048 multum
1096 1976 1253 2062 sudavit,
1277 1974 1409 2044 multa-

256 2110 326 2181 que
350 2100 484 2163 temere
515 2093 670 2185 scripsit.
701 2093 835 2165 Idcirco
857 2095 989 2166 amicos
1012 2115 1153 2186 semper
1179 2092 1306 2185 prohat
1335 2090 1412 2160 lau-

197 2283 201 2291 ,
256 2204 402 2298 datque,
424 2209 583 2278 omnium
603 2209 772 2280 vitiorum
793 2211 933 2302 patiens
959 2209 1237 2300 commodusque
1262 2226 1410 2291 censor3

256 2319 377 2405 immo,
399 2343 479 2394 cam
493 2323 760 2414 indulgentiam
771 2324 928 2411 adhibet,
945 2347 1024 2417 quae
1047 2325 1118 2395 viri
1135 2323 1414 2416 cujusdamesse

255 2437 421 2508 videatur
435 2438 598 2511 homines
614 2441 831 2532 spernentis,
849 2450 885 2512 et
901 2449 1014 2513 semet
1027 2441 1147 2532 ipsum
1167 2437 1412 2511 tantummodo

255 2551 456 2644 diligentis.
482 2556 568 2627 Inde
592 2555 633 2626 fit
667 2556 777 2628 etiam
808 2566 849 2627 ut
882 2556 978 2648 apud
1015 2556 1170 2627 Statium
1212 2554 1412 2626 inhonestae

256 2688 313 2739 res
343 2668 490 2742 minime
514 2672 756 2763 reperiantur.
789 2675 877 2743 Cum
898 2674 1109 2765 plerumque
1139 2669 1258 2743 omnia
1291 2670 1413 2741 laudet

255 2791 364 2874 atque
404 2787 617 2873 admiretur,
656 2788 747 2859 vitia
777 2796 813 2859 et
851 2788 1038 2874 dedecora,
1074 2787 1195 2880 turpia
1232 2795 1295 2858 aut
1324 2786 1414 2857 vilia

256 2901 411 2993 negligit
430 2904 648 2996 omittitque‚
664 2924 711 2975 ne
728 2913 897 2996 patronos
913 2926 997 2975 suos
1012 2905 1220 2997 vituperare
1234 2912 1297 2974 aut
1309 2902 1414 2973 casti·

259 3037 345 3106 gare
364 3027 526 3110 cogatur.

303 3136 387 3212 Quae
397 3134 435 3206 in
448 3137 650 3208 Domitiano
664 3137 846 3209 laudanda
860 3140 971 3225 luere,
988 3137 1234 3210 tantummodo
1250 3135 1413 3208 animad-

255 3249 364 3319 vertit
390 3253 612 3345 miratusque
640 3255 861 3346 amplissime
889 3264 1023 3347 auget3
1052 3252 1220 3345 pulchras
1249 3252 1407 3338 tabulas,

257 3365 415 3455 pretiosa
448 3368 616 3454 triclinia,
652 3370 825 3442 delicatos
855 3393 896 3442 ac
930 3369 1068 3462 lepidos
1108 3389 1250 3462 pueros,
1290 3368 1411 3439 omnia

257 3478 425 3572 denique,
455 3504 535 3576 quae
560 3486 598 3555 in
622 3485 819 3557 amicorum
843 3486 947 3556 domo
967 3485 1162 3578 conspicua
1176 3484 1411 3578 jucundaque

257 3594 370 3681 videt,
405 3617 448 3670 ea
477 3599 647 3672 describit
683 3603 910 3692 extollitque,
953 3621 1020 3674 nec
1053 3600 1202 3692 inquirit
1238 3599 1412 3693 quomodo

261 3712 439 3803 acquisita
457 3715 543 3802 sint,
561 3718 737 3807 quomodo
756 3718 897 3809 patroni
919 3717 1085 3788 omnibus
1105 3716 1178 3786 illis
1196 3716 1335 3786 divitiis
1350 3723 1413 3784 aut

258 3830 380 3920 pueris
416 3839 576 3903 utantur.
604 3835 691 3904 Visa
716 3823 891 3926 depingit,
916 3855 1033 3926 neque
1055 3833 1211 3926 amplius
1238 3841 1410 3902 moratur.

292 4069 327 4134 (l)
344 4071 440 4134 MART-2
456 4073 546 4138 Erice
562 4076 604 4136 111,
619 4077 662 4128 20.

291 4151 325 4214 (ai
343 4152 431 4216 sm..
447 4152 523 4214 sua,
538 4157 558 4216 ι,
573 4165 610 4216 ιιι,
626 4157 680 4208 roo

297 4231 332 4295 (a)
349 4232 660 4299 nur.,npq.,1v‚sa
