3154 4970
752 378 912 442 ..75-

251 535 385 608 multas
408 535 709 612 inveniendarum
741 537 782 610 ac
815 539 1067 632 fingendarum
1099 559 1219 610 rarum
1246 539 1405 610 rationes

151 739 152 744 Ἰ
248 649 360 723 Statio
389 655 606 747 suppeditet,
638 678 728 748 quas
752 660 848 727 inter
875 657 1140 727 numerandum
1169 663 1224 727 est
1257 654 1403 726 solitum

251 769 428 858 quoddam
439 791 554 863 genus
568 771 784 867 sibimetipsi
794 773 1033 864 interroganti
1043 773 1210 866 pluribus
1220 773 1404 865 responsis

251 885 397 956 incertis
423 887 677 977 respondendi,
705 889 881 979 equibus
906 897 1011 960 uates
1040 889 1213 982 optimum
1241 889 1407 980 quodque

252 1001 406 1093 denique
422 1002 524 1094 eligit
542 1013 730 1074 asservat.
747 994 839 1075 Dum
855 1005 918 1076 via
935 1006 1050 1099 Appia
1065 1006 1237 1099 operariis
1257 1026 1297 1077 ac
1314 1005 1408 1094 ligo-

251 1117 360 1188 nibus
394 1118 525 1207 fremit,
556 1120 641 1211 quid
675 1120 792 1191 dicam
821 1121 889 1191 hoc
924 1126 1026 1192 esse?
1057 1125 1185 1192 Utrum
1214 1121 1408 1192 Annibalis

253 1235 463 1326 agminibus
491 1244 587 1308 terra
625 1241 789 1308 resonat?
829 1259 876 1309 en
917 1239 1069 1310 Neronis
1107 1240 1213 1330 jussu
1247 1238 1409 1309 fluminis

253 1354 440 1447 cujusdam
458 1357 584 1428 alveus
605 1355 769 1427 effoditur
789 1367 851 1428 aut
875 1367 1015 1431 montes
1029 1361 1236 1449 aequantur?

300 1495 318 1538 a
333 1471 562 1565 Hypotheses
580 1497 597 1540 u
614 1472 735 1543 varias
752 1474 946 1565 pluresque
965 1474 1102 1564 fingere
1126 1482 1305 1559 assuetae,
1331 1475 1409 1567 plu-

252 1589 353 1659 ribus
375 1589 497 1661 verbis
521 1611 597 1660 rem
620 1610 731 1660 unam
754 1591 930 1662 enuntiat.
956 1591 1112 1662 Glauciae
1132 1591 1229 1661 enim
1250 1589 1409 1663 Melioris

254 1725 363 1798 puero
381 1706 458 1776 vita
474 1706 653 1793 defuncto,
673 1707 753 1798 quis
773 1715 847 1777 tam
867 1709 1020 1778 ferreum
1043 1714 1169 1797 pectus
1190 1707 1327 1793 habuit,
1345 1707 1410 1799 qui

255 1823 293 1893 in
319 1830 393 1893 tam
420 1822 614 1893 delicatum
644 1823 799 1894 amicum
825 1844 896 1892 non
930 1822 1174 1895 misericordia
1209 1830 1408 1893 commotus

254 1947 362 2024 esset,
404 1939 489 2010 licet
519 1939 760 2009 saevissimum
793 1960 971 2031 quemque
995 1939 1090 2010 inter
1123 1960 1238 2010 saevos
1276 1938 1407 2011 heroas

253 2057 427 2148 proferas,
444 2055 529 2127 licet
547 2054 722 2147 prodeant
736 2059 869 2125 Procne
885 2064 946 2126 aut
960 2057 1035 2126 fera
1050 2055 1188 2126 Colchis
1203 2064 1266 2127 aut
1282 2063 1409 2127 torvus

255 2159 429 2241 Athamas
446 2177 509 2241 aut
526 2171 661 2242 Ulixes.

300 2286 392 2366 Quid
411 2285 455 2356 de
470 2285 686 2373 Violentilla,
701 2288 731 2356 si
742 2306 784 2358 ea
794 2287 913 2356 omnia
924 2287 969 2357 ad
979 2294 1149 2357 eventum
1159 2287 1403 2378 pervenerint,

256 2425 335 2495 quae
356 2405 478 2474 Venus
503 2401 626 2493 fingit!
659 2402 814 2474 Felicem
845 2403 1004 2490 Stellam,
1034 2425 1115 2473 cum
1147 2424 1214 2474 nec
1244 2404 1407 2476 Bacchus

256 2539 322 2591 neo
351 2518 491 2612 Jupiter
520 2539 587 2589 nec
618 2521 728 2591 ceteri
754 2519 996 2591 Violentillam
1027 2521 1128 2612 prius
1158 2519 1407 2614 adspexerint!

261 2638 375 2715 Quam
394 2635 425 2705 si
448 2635 581 2706 Phoebe
604 2636 769 2721 vidisset,
790 2644 925 2708 erraret
952 2635 1100 2729 Daphne
1129 2657 1271 2724 secura3
1302 2659 1409 2729 quam

262 2752 293 2822 si
310 2752 449 2844 Jupiter
461 2752 635 2838 novisset,
656 2753 694 2822 in
708 2751 802 2823 hanc
816 2753 1003 2823 cecidisset
1020 2753 1160 2845 Jupiter
1178 2774 1276 2824 auro.

291 2869 468 2940 ‚Vidimus
496 2890 565 2960 quo
585 2868 688 2939 modo
711 2869 846 2940 Statius
866 2876 1031 2963 poemata
1050 2890 1118 2939 sua
1135 2869 1244 2940 ordiri
1264 2871 1377 2943 soleat
1400 2896 1407 2942 :

260 2986 382 3072 eodem
399 2987 472 3057 fere
491 2984 594 3055 modo
613 3006 658 3056 ea
676 2985 867 3057 concludit.
888 2989 980 3056 Raro
996 2985 1094 3056 enim
1118 2985 1332 3078 simpliciter
1346 3007 1411 3058 ne-

261 3123 330 3196 que
345 3102 420 3173 ulla
442 3111 518 3174 arte
541 3123 670 3174 canere
690 3102 822 3173 desinit
851 3102 910 3193 (l).
938 3101 976 3172 si
994 3102 1137 3194 quidem
1155 3103 1260 3174 Pollii
1278 3103 1410 3176 Felicis

258 3221 385 3291 villam
402 3219 598 3310 tranquillo
610 3219 730 3290 animo
748 3219 968 3310 minimoque
983 3219 1205 3289 animimotu
1222 3219 1408 3314 relinquit,

260 3339 291 3413 si
306 3337 515 3408 Marcellum
527 3337 683 3407 amicum
702 3337 842 3428 pla‘cide
854 3337 1000 3421 salutat,
1022 3344 1183 3407 attamen
1203 3337 1334 3429 saepi'us
1349 3337 1412 3408 iis·

260 3454 341 3525 dem
359 3452 662 3524 concitationibus
688 3453 756 3523 suh
772 3452 880 3523 finem
893 3451 948 3521 uti
972 3445 1149 3538 assuevit,
1167 3451 1300 3543 quibus
1319 3451 1413 3525 inire

260 3591 342 3642 eum
355 3568 522 3660 juvabat.
542 3570 656 3640 Sudat
674 3576 715 3637 ut
732 3569 843 3639 Stella
850 3567 1128 3659 Violentillaque
1139 3568 1291 3639 eximios
1305 3577 1412 3640 natos

260 3706 538 3778 prosperamque
554 3685 667 3755 vitam
687 3684 944 3774 adipiscantur,
957 3692 998 3753 ut
1013 3684 1196 3777 aVopisco
1212 3705 1307 3754 curae
1322 3706 1413 3755 mor-

261 3802 372 3894 bique
387 3801 493 3892 longe
509 3801 641 3886 absint,
663 3808 703 3872 ut
728 3800 833 3872 amici
854 3800 910 3870 sui
934 3801 1044 3889 longa
1062 3821 1223 3892 puraque
1240 3801 1413 3872 felicitate

262 3920 441 3990 fruantur.

306 4040 392 4117 Quae
424 4037 519 4107 inter
554 4035 741 4107 exordium
769 4035 950 4125 finemque
983 4034 1232 4117 includuntur,
1267 4034 1411 4107 sincera

297 4199 328 4263 (l)
346 4199 407 4250 Haec
425 4197 650 4252 animadvertebat
669 4197 802 4250 Cartaltus
819 4195 882 4250 dum
903 4197 932 4248 in
954 4195 1086 4250 Facultate
1103 4196 1244 4250 Parisieusi
1263 4196 1409 4251 litterarum

265 4280 297 4333 de
312 4279 397 4332 statio
411 4278 515 4344 publice
529 4278 683 4339 disserebat,
698 4290 761 4332 ann.
778 4279 845 4330 1886.
