3154 4970
525 994 661 1059 CAPUT
688 995 855 1060 PRIMUM

170 1207 388 1289 Quaeretur
412 1229 507 1300 quae
530 1211 660 1281 luerit
681 1215 863 1304 ingenua
886 1215 1012 1326 Statii
1035 1215 1208 1286 indoles.

161 1486 198 1553 P.
215 1485 385 1577 Papinius
408 1487 558 1576 Statius,
575 1488 720 1581 ingenio
739 1490 885 1582 quidem
903 1500 1118 1583 naturaque,
1135 1513 1208 1562 non
1233 1492 1264 1562 is

119 1601 194 1686 fuit,
211 1601 269 1672 cui
283 1602 368 1674 elati
387 1600 515 1676 sensus
534 1615 667 1695 essent,
684 1607 746 1700 qui
766 1608 895 1680 acriter
916 1608 1176 1700 indignaretur,
1197 1608 1261 1700 qui

118 1717 237 1789 divino
258 1721 411 1812 quodam
431 1723 556 1795 ardore
576 1733 791 1810 moveretur,
813 1724 875 1817 qui
897 1733 1042 1797 strenue
1063 1726 1172 1797 irasci
1197 1732 1260 1795 aut

117 1835 282 1925 flagranti
296 1837 414 1908 studio
428 1838 573 1911 incendi
586 1840 735 1912 valeret.
754 1845 866 1911 Immo
877 1842 1038 1913 omnium
1057 1841 1260 1934 placidissi-

116 1971 211 2021 mum
231 1959 266 2023 et
285 1953 331 2024 ad
351 1955 574 2026 concordiam
596 1957 823 2048 aptissimum
841 1967 877 2030 et
895 1958 1121 2030 lenissimum
1140 1955 1259 2027 virum

116 2086 196 2136 eum
210 2066 322 2140 luisse
342 2079 503 2164 apparet,
520 2080 651 2144 etcum
667 2072 900 2166 optimatibus
918 2074 1110 2159 blanditur,
1130 2082 1261 2144 etcum

115 2181 319 2256 hominibus
350 2187 394 2258 de
420 2209 559 2260 morum
586 2189 777 2283 disciplina
800 2191 951 2263 consilia
978 2177 1141 2282 largitur.
1163 2189 1260 2260 Idem

114 2301 222 2387 enim,
238 2299 397 2374 humana
411 2303 548 2375 scilicet
563 2313 694 2376 natura
712 2315 915 2393 contentus,
926 2305 1149 2377 carminibus
1160 2324 1260 2375 acer-

113 2416 197 2489 bam
213 2419 360 2490 satiram
375 2441 454 2491 raro
464 2420 648 2507 admovet;
665 2421 826 2494 homines
837 2443 1023 2515 nunquam
1031 2420 1259 2522 reprehendit

113 2543 176 2605 aut
201 2535 380 2629 objurgat,
408 2537 512 2630 quasi
531 2546 567 2609 et
586 2539 735 2625 Statius,
758 2548 799 2608 ut
822 2540 952 2610 fabulae
975 2539 1073 2609 illius
1093 2558 1258 2631 persona,

113 2651 325 2724 censuerit:
351 2678 368 2720 «
387 2635 594 2738 fuscare,
616 2655 688 2726 omi
710 2656 751 2726 de
770 2662 844 2728 tout
867 2655 1060 2726 barecae!
1085 2679 1102 2722 >r
1129 2657 1258 2724 Parum

111 2776 325 2856 astantem,
354 2772 430 2841 si«
456 2771 611 2842 amicum
641 2797 658 2838 t>
685 2771 819 2859 dixer0,
849 2793 931 2842 cum
959 2793 1042 2843 eum
1068 2770 1258 2841 videamus

109 2906 248 2973 omnes,
273 2908 363 2979 quos
391 2888 506 2968 novit,
528 2890 706 2960 foventem
727 2897 763 2960 et
784 2888 959 2979 religione
977 2887 1131 2980 quadam
1151 2908 1257 2958 exco-

107 3000 260 3090 lentem;
291 3025 386 3091 cum,
417 3005 448 3075 si
464 3005 576 3075 Statio
592 3005 719 3076 saltem
734 3004 871 3090 credas,
895 3003 1089 3074 Domitiani
1104 3024 1257 3093 regnum

106 3117 319 3191 beatissima
333 3129 368 3192 et
382 3121 592 3193 felicissima
610 3130 697 3192 aetas
714 3121 908 3193 exstiterit!
922 3142 994 3190 non
1008 3141 1093 3191 vero
1110 3140 1258 3191 necesse

105 3246 162 3306 cst
175 3237 347 3330 temporis
361 3235 460 3308 illius
475 3237 624 3309 annales
639 3237 701 3308 diu
710 3236 900 3322 evolvisse,
918 3243 959 3305 ut
968 3236 1103 3327 liqueat
1119 3242 1257 3326 apoeta

103 3353 296 3444 paululum
325 3375 383 3426 res
411 3355 568 3426 detortas
601 3361 635 3426 et
660 3353 762 3424 fictas
793 3374 884 3424 esse.
916 3352 1015 3433 Quod
1046 3351 1077 3421 si
1104 3372 1255 3442 quaeras,

102 3491 178 3560 qua
204 3471 248 3541 de
269 3492 380 3541 causa
401 3472 539 3541 Statius
560 3471 649 3540 talia
676 3469 863 3542 mendacia
890 3467 1104 3552 laudaverit,
1135 3476 1254 3537 utrum

100 3587 302 3657 Domitiani
316 3588 524 3659 immanitas
543 3608 626 3659 eum
645 3586 791 3680 fugerit,
814 3608 860 3656 an
881 3585 1028 3678 tyranni
1044 3582 1257 3677 injustitiam

99 3723 208 3794 aequo
220 3702 339 3774 animo
349 3703 559 3798 respexerit,
568 3703 700 3774 subeat
709 3710 832 3774 tamen
847 3702 886 3770 in
895 3711 1065 3785 mentem,
1076 3699 1260 3771 abeodem

99 3818 221 3888 Statio
240 3821 419 3890 Neronem
437 3826 600 3889 notatum
621 3818 730 3910 (ferus
742 3820 849 3903 Nero,
871 3819 907 3885 S.
924 3819 967 3899 V,
984 3834 1021 3894 11,
1042 3815 1096 3906 33)
1112 3820 1147 3885 et
1162 3813 1257 3884 Gali-

99 3937 203 4025 gulae
216 3935 425 4006 memoriam
439 3935 565 4006 infami
580 3934 661 4006 labe
672 3943 838 4005 exustam
853 3932 966 4002 fuisse
976 3930 1092 4022 (heres
1107 3929 1255 4000 immitis

95 4061 135 4122 et
150 4052 259 4123 furiis
274 4050 446 4144 agitatus,
457 4054 493 4123 S.
506 4054 566 4137 Ill,
574 4070 629 4139 111,
638 4051 708 4144 70).
722 4049 924 4121 Domitiano
935 4057 1055 4118 autem
1066 4054 1255 4138 regnante,

95 4167 304 4259 Caligulam
328 4168 388 4240 vel
411 4172 588 4240 Neronem
617 4165 767 4237 minimo
797 4164 954 4258 periculo
973 4183 1117 4256 carpere
1142 4161 1255 4232 Statio

92 4284 249 4372 licebat,
271 4284 468 4378 praesertim
489 4283 520 4355 si
539 4283 685 4354 calleret
700 4282 820 4375 plures
843 4263 1075 4374 imperatores
1100 4265 1194 4350 inter
1218 4298 1257 4348 se
