3154 4970
718 377 882 444 -40—

222 535 281 608 vel
300 536 503 608 interiorem
524 538 651 609 rustici
664 538 851 630 cujusdam
875 537 1050 652 casulam.
1075 541 1205 645 Aspice
1227 540 1373 612 arbores

221 652 260 723 in
276 653 380 724 dorso
394 653 527 724 montis
540 661 649 725 vento
658 647 828 790 nutantes
842 665 878 726 et
896 655 934 774 in
949 665 1049 747 aqua
1056 656 1257 728 remissas.

665 779 837 904 Nemora
850 773 1061 896 alteritatis
1093 865 1095 874 v

323 937 503 1030 Incubuere
508 937 611 1034 uadis3
627 905 718 1000 ialiax
732 947 892 1021 responsat
906 939 1011 1021 imago

322 1019 510 1123 Fraudibus,
525 1052 557 1140 et
569 1045 678 1126 longas
693 1046 799 1109 eadem
814 1046 894 1130 sugit
907 1046 993 1109 unda
1006 1065 1072 1158 per
1074 1049 1212 1152 umbras.

324 1155 393 1234 Ipse
406 1153 567 1217 Anien-
580 1153 721 1216 miranda
736 1153 867 1217 fldes-
878 1145 1055 1248 infraque
1036 1140 1190 1236 superque
1260 1141 1287 1158 '¹

324 1262 452 1338 Saxeus,
467 1260 519 1322 hic
531 1251 685 1325 tumidam
703 1261 842 1324 rabiem
836 1271 1051 1408 spumosapua
1063 1245 1188 1404 ponit
1282 1244 1285 1258 ⁸

299 1368 495 1432 Murmura.
554 1392 556 1398 ¹
658 1397 662 1405 ·
920 1383 937 1392 ·’
1143 1377 1145 1388 ’

929 1381 1063 1533 (8.,
1082 1451 1172 1529 Ιιιι
1189 1451 1318 1534 17)
1310 1381 1378 1528 ιΙ

246 1632 346 1711 Quo
365 1628 478 1699 multo
493 1603 653 1721 asperior
670 1629 770 1702 locus
783 1629 855 1715 hic,
866 1628 992 1738 paucis
1007 1621 1237 1767 lineamentis
1250 1603 1378 1752 adum-t

228 1745 382 1892 bratus:
438 1753 440 1762 ⁴

319 1951 321 1956 .
366 1899 514 1980 Sparsum
529 1899 637 1982 pelago
651 1901 766 1963 montis
781 1900 874 1992 latus,
890 1863 1032 1983 hirtaque
1046 1873 1160 1988 dumis
1201 1955 1228 1994 Γ,
1251 1855 1253 1868 Ι

327 2005 460 2082 ¹Saxa.
552 1997 563 2070 s
1092 2052 1094 2066 ι
1192 2051 1208 2056 1-
1337 2071 1339 2078 ,

1069 2088 1173 2170 (111,1,
1191 2090 1255 2171 13.)
1376 2085 1380 2102 ‘

274 2268 411 2340 Statius
433 2287 583 2340 vernam
606 2273 887 2360 aestatemsaepe
911 2266 962 2338 ita
985 2267 1169 2360 depinxit,
1188 2277 1228 2339 ut
1251 2291 1379 2342 acon-

230 2384 422 2458 suetudine
441 2405 508 2456 sua
527 2383 675 2455 minime
685 2385 844 2455 flecteret
855 2407 863 2454 :
876 2384 1041 2462 vernales
1052 2386 1155 2456 flores
1165 2384 1264 2455 nullo
1274 2385 1379 2456 modo

231 2503 309 2594 ejus
326 2501 500 2586 animum,
512 2509 686 2592 tanquam
702 2500 907 2593 juventutis
928 2500 1238 2592 jucunditatisque
1260 2501 1379 2592 imago

231 2615 407 2708 quaedam,
437 2623 576 2688 tentare
614 2615 803 2702 videntur;
831 2614 982 2686 attendit
1007 2622 1147 2692 tanturn
1172 2616 1379 2708 plantarum

232 2733 340 2804 colori
354 2743 416 2806 aut
434 2733 556 2803 avium
569 2731 731 2816 vocibus,
752 2753 832 2824 quae
848 2752 975 2803 sensus
998 2731 1183 2824 attingunt
1205 2759 1213 2803 :

453 2915 544 2977 Nunc
557 2919 667 2975 cuncta
680 2912 746 2976 veri
760 2910 921 2974 frondibus
936 2912 1051 2974 annuis

452 3019 590 3083 crinitur
603 3019 709 3096 arbos;
725 3036 809 3080 nuno
822 3017 982 3081 volucrum
997 3018 1070 3082 novi

514 3127 661 3204 Questus,
674 3125 931 3208 inexpertumque
944 3144 1068 3190 carmen

593 3230 682 3309 Quod
695 3232 787 3296 tacita
800 3239 934 3296 statuere
948 3231 1069 3294 bruma.

1020 3326 1082 3412 (8.,
1100 3333 1153 3406 IV,
1168 3349 1199 3406 r,
1215 3332 1258 3414 9.)

280 3521 397 3601 Quum
410 3512 465 3586 sol
478 3511 619 3597 occidit,
635 3509 763 3581 umbra
780 3517 894 3582 terras
922 3508 1180 3594 circumdante,
1206 3530 1278 3580 non
1299 3530 1384 3581 vos-

258 3632 397 3725 portina
415 3629 571 3722 quadam
590 3625 739 3696 tristitia
758 3632 938 3708 movetur,
957 3624 1020 3694 sed
1039 3623 1287 3694 tantummodo
1305 3625 1385 3696 ani·

235 3747 427 3820 madvertit
441 3745 541 3816 nullo
556 3745 633 3836 jam
650 3762 737 3812 sono
750 3760 818 3814 nec
833 3739 984 3832 strepitu
1001 3760 1105 3809 auras
1120 3760 1205 3810 suas
1220 3741 1359 3831 percuti
1374 3759 1382 3810 :

418 3927 514 3992 raca
527 3940 620 3985 omne
633 3939 737 4002 pecus,
752 3918 950 3999 volucresque
971 3917 1104 3998 seraque

417 4033 454 4094 ut
468 4029 617 4095 simulant
631 4028 729 4092 fossos
742 4035 867 4088 curuato
882 4027 1040 4088 cacumina
1055 4043 1193 4100 somnos,

415 4141 477 4202 Neo
492 4137 627 4200 trucibus
639 4134 741 4198 fluviis
755 4132 837 4198 idam
851 4153 954 4206 sonus,
975 4131 1083 4195 occidit
1096 4131 1205 4194 horror

417 4249 572 4328 AEquoris,
584 4253 614 4304 ct
628 4243 717 4305 terris
732 4241 830 4306 maria
843 4241 992 4304 acclinata
1004 4240 1178 4322 quiescunt.
