3154 4970
749 366 793 444 ζ-
816 363 914 427 00-

255 521 1407 616 tcm.,1,v1u)dumprosecutumdeumvitarenititur,qui«tergo

257 637 377 730 fugaci
392 638 557 714 imminet
572 669 603 726 »‚
626 642 831 735 pariterque
861 641 900 711 in
919 639 1081 712 arborem
1098 640 1411 710 transformatur?

258 756 429 836 Quamvis
448 757 663 850 exquisitius
683 758 833 830 forsitan
859 767 967 845 esset,
995 779 1077 831 cum
1101 757 1239 828 Lesbiae
1260 777 1411 849 passere

257 872 414 944 Melioris
430 875 622 966 psittacum
640 883 703 947 aut
717 897 799 946 cum
813 876 1004 948 Berenices
1027 896 1129 946 coma
1149 873 1266 946 Flavii
1286 873 1412 943 Earini

259 988 406 1081 capillos
428 990 488 1082 (1),
506 1001 567 1062 aut
577 995 678 1084 jocos
692 993 737 1064 de
751 1000 895 1086 accepto
912 992 1018 1062 Plotii
1038 990 1151 1084 Grypi
1176 989 1299 1062 libello
1326 1009 1411 1060 cum

260 1104 400 1176 facetiis
419 1106 462 1178 de
482 1107 582 1178 Calvi
610 1109 792 1180 volumine
819 1109 990 1194 conterre,
1020 1128 1139 1180 nonne
1169 1115 1291 1178 tamen
1320 1106 1411 1176 satis

260 1223 374 1314 liquet
388 1223 576 1300 Statiuma
596 1226 723 1296 Catulli
744 1224 962 1298 carminibus
990 1224 1152 1320 legendis
1177 1245 1250 1295 non
1265 1224 1412 1294 omnino

260 1337 509 1411 abstinuisse?
531 1345 685 1413 AEneum
708 1342 901 1415 Domitiani
932 1343 1110 1434 equestris
1135 1341 1294 1433 signum,
1323 1359 1415 1411 000-Ι

259 1463 397 1549 tempta
411 1456 542 1542 hieme,
558 1458 661 1531 vivet
676 1460 859 1551 stabitque
877 1484 885 1531 :

401 1629 470 1690 Non
484 1615 543 1692 boc
553 1609 728 1693 imbriferas
742 1629 860 1694 hiemes
875 1650 965 1712 opus,
976 1637 1030 1693 aut
1043 1631 1129 1694 Jovis
1144 1631 1249 1712 ignem

401 1734 637 1817 Tergeminum,
654 1737 754 1800 Aeolii
769 1757 833 1800 non
849 1738 977 1820 agmina
991 1739 1120 1801 carceris
1134 1737 1249 1817 horret,

403 1845 608 1907 Annorumve
622 1863 724 1908 moras
741 1869 747 1909 :
766 1846 857 1908 stabit
872 1845 945 1908 dum
960 1853 1041 1908 terra
1054 1845 1217 1928 polusque.

1071 1951 1132 2034 (S.,
1144 1954 1169 2033 Ι,
1185 1973 1208 2031 1,
1222 1955 1289 2037 et.)

188 2195 190 2199 ¹
307 2116 422 2193 Quam
436 2112 646 2186 aetemitatis
658 2114 854 2208 imaginem
868 2114 1007 2206 quoties
1022 2122 1130 2186 antea
1145 2121 1249 2208 poetae
1262 2113 1412 2186 effinxe-

262 2234 364 2300 rant!
394 2231 474 2300 Jam
498 2227 648 2302 Flaccus
674 2231 718 2304 de
745 2232 821 2304 suis
846 2231 1066 2305 carminibus
1092 2231 1287 2304 immanem
1309 2251 1412 2326 spem

261 2355 486 2439 conceperat.

466 2518 560 2602 Exegi
570 2525 810 2584 monumentum
825 2538 886 2582 aero
899 2520 1106 2602 perennius...

465 2627 552 2703 Quod
566 2645 631 2689 non
645 2627 744 2691 imber
757 2627 844 2706 edax,
859 2645 925 2692 non
939 2628 1043 2712 aquilo
1058 2629 1213 2714 impotens

386 2735 397 2782 t
468 2735 569 2798 Possit
581 2733 713 2812 diruere,
729 2742 783 2797 aut
797 2715 1033 2799 innumerabilis

469 2845 634 2908 Annorum
650 2842 745 2906 series
759 2848 789 2903 et
802 2841 875 2924 fuga
888 2850 1065 2924 temporum
1073 2865 1081 2920 ;

950 2948 1036 3032 (oa,
1051 2951 1104 3030 111,
1121 2950 1185 3032 ao.)

264 3090 339 3179 jam
371 3086 523 3158 Ovidius
550 3084 618 3156 sub
646 3083 753 3156 finem
786 3085 1108 3178 Metamorphoscoc
1139 3083 1294 3178 superba
1324 3103 1413 3156 voce

264 3203 462 3297 incipiebat
478 3226 486 3272 :

429 3376 562 3461 Jamque
573 3391 650 3456 opus
666 3373 753 3456 exegi
768 3369 850 3454 quod
864 3390 921 3434 neo
933 3373 951 3436 J
953 3372 1018 3436 ovis
1033 3372 1078 3434 ira
1091 3390 1148 3436 nec
1162 3372 1252 3454 ignes

431 3483 495 3545 Nec
507 3480 620 3563 poterit
632 3479 749 3543 serrum
762 3497 819 3542 nec
832 3478 908 3542 edax
922 3477 1042 3542 abolere
1056 3485 1204 3545 vetustas.
1411 3547 1415 3571 Ι

963 3584 1114 3668 (Metam,
1129 3587 1197 3664 XV,
1213 3585 1299 3670 871.)

316 3756 430 3834 Quam
458 3749 589 3822 seriem
613 3746 759 3839 longius
779 3746 990 3839 protendere
1008 3745 1220 3834 desinimus,
1242 3766 1325 3817 cum
1340 3748 1418 3839 jam

269 3878 322 3942 tot
346 3868 519 3961 ejusmodi
541 3865 611 3937 loci
637 3865 682 3936 ab
708 3863 994 3935 antecessoribus
1027 3864 1160 3934 nostris
1188 3863 1303 3934 notati
1330 3863 1415 3934 sint.

271 3987 382 4060 Nobis
397 3984 487 4056 satis
502 3983 549 4054 sit
565 3982 724 4054 breviter
740 3980 1052 4066 demonstravisse,
1075 4002 1183 4072 quam
1201 3980 1317 4050 multa
1338 3999 1420 4071 per-

306 4185 340 4248 (t)
353 4180 573 4315 Dstarinovvide
588 4179 667 4233 etiam
680 4181 846 4244 mansuum,
861 4180 962 4246 tpiqr„
977 4181 1019 4243 lx,
1035 4178 1090 4242 ΧΗ,
1106 4179 1171 4240 XIII,
1185 4176 1253 4240 xlv,
1270 4188 1300 4230 ac
1314 4175 1347 4229 de
1361 4174 1417 4242 ejus

278 4263 388 4327 Commi
409 4262 494 4326 id.,x
518 4263 549 4316 11.
