3154 4970
580 393 740 457 ..77-

93 551 298 644 curiosaque
323 550 516 624 sedulitate
539 559 751 624 tractantur.
773 555 906 625 Rarum
929 554 983 640 fit,
1005 575 1086 623 cum
1101 552 1239 624 Statius

93 670 256 758 jocatur;
296 668 410 740 multa
441 689 527 741 vero
560 669 796 754 conscientia,
830 691 991 762 puraque
1018 668 1122 761 quasi
1157 690 1239 760 pro-

93 783 203 874 bitate
217 805 260 856 aa
279 784 416 870 scribit,
436 806 515 877 quas
534 785 653 858 dicere
667 785 888 879 aggreditur.
906 789 1013 856 Totus
1031 785 1067 855 in
1081 784 1154 857 illis
1165 792 1237 870 est;

94 901 288 973 verisimile
298 911 354 973 est
368 901 420 972 illi
436 902 692 994 gravissimum
703 903 826 985 luisse,
839 902 871 973 si
886 901 967 994 0010
982 923 1064 974 eum
1076 900 1239 973 scriben-

95 1024 166 1087 tem
186 1017 366 1090 divertere
381 1019 606 1092 tentavisset.
622 1019 719 1090 Adeo
734 1019 895 1090 intentus
915 1019 1014 1111 operi
1034 1040 1098 1088 suo
1115 1017 1240 1102 haeret,

94 1140 269 1206 01001010
288 1135 431 1206 00111100
450 1133 616 1206 oblivisci
636 1135 812 1207 videatur.

138 1252 229 1322 Dum
248 1251 291 1322 de
306 1251 438 1322 Rutilio
453 1251 588 1323 Gallico
603 1251 760 1337 disserit,
777 1272 922 1324 cursum
937 1250 1126 1336 honorum,
1147 1251 1241 1321 mul·

93 1373 200 1460 taque
225 1367 269 1439 de
295 1368 567 1458 magistratibus
591 1367 749 1459 antiquis
771 1391 837 1441 nos
862 1368 989 1459 docet3
1012 1369 1096 1440 dum
1115 1367 1241 1438 villam

98 1484 290 1579 quamdam
319 1493 381 1554 aut
405 1484 550 1560 domum
576 1484 757 1571 describit,
782 1505 825 1556 ea
857 1506 945 1557 cura
976 1493 1106 1555 cuncta
1142 1490 1243 1555 notat

97 1608 303 1693 narratque,
341 1609 382 1671 ut
418 1600 514 1672 villae
548 1601 719 1676 domusve
756 1603 907 1674 sormam
944 1601 1171 1693 speciemque
1205 1599 1243 1670 in

96 1717 219 1788 charta
240 1717 346 1789 lineis
368 1716 502 1788 imitari
523 1739 652 1809 queas;
676 1718 890 1789 conductum
909 1717 1099 1810 quemdam
1116 1716 1243 1788 ducem

97 1832 209 1917 dicas,
227 1831 313 1903 dum
329 1832 501 1904 barbaros
513 1834 771 1926 Britannosque
784 1834 928 1926 publica
942 1840 1174 1905 monumenta
1188 1831 1244 1901 in-

98 1949 256 2020 visentes
274 1949 462 2020 comitatur
476 1950 680 2041 adocetque.

146 2064 183 2135 Si
198 2086 277 2156 quae
295 2067 414 2135 Romae
432 2065 530 2136 leriae
545 2064 782 2151 celebrantur,
799 2065 917 2136 Silvas
933 2064 1115 2136 evolventi
1134 2083 1245 2154 appa·

101 2188 181 2252 rent
209 2181 310 2252 varia
333 2181 466 2264 omnia,
493 2204 582 2273 0010,
613 2181 659 2252 ab
685 2190 764 2256 ortu
785 2181 870 2254 solis
897 2201 1010 2274 usque
1029 2181 1073 2252 ad
1091 2188 1244 2264 noctem,

99 2297 241 2390 plebem
266 2297 385 2368 laetam
411 2299 596 2371 fecerunt:
617 2319 684 2372 nec
707 2299 826 2370 minus
842 2299 967 2370 doctus
987 2298 1031 2370 de
1049 2319 1091 2369 ea
1109 2317 1148 2368 re
1166 2297 1245 2381 fies,

102 2436 211 2505 quarn
232 2414 294 2505 qui
318 2413 464 2507 publica
484 2424 748 2509 programmata
771 2417 864 2488 inter
884 2415 1015 2487 theatri
1034 2434 1167 2486 cuneos
1186 2421 1248 2484 aut

101 2529 309 2601 vendebant
328 2538 390 2601 aut
408 2531 586 2602 emebant.
1024 2621 1026 2623 ι

148 2646 250 2717 Side
270 2650 413 2718 Lucano
437 2648 568 2738 agitur,
594 2669 714 2720 nonne
732 2648 798 2718 tibi
821 2648 1020 2738 dejbucani
1038 2647 1249 2740 1110001011-

105 2763 247 2854 busque
277 2784 416 2834 summa
449 2765 624 2858 gravique
649 2765 878 2849 conscicntia,
895 2764 1249 2853 00000οζ01ἀί000

105 2881 229 2953 stricte
253 2892 411 2968 0000100,
430 2884 550 2954 omnia
568 2884 736 2977 exponit?
1198 2947 1201 2954 .

149 2997 236 3069 Inde
264 2998 305 3068 fit
331 3008 372 3068 ut
400 2999 579 3072 Silvarum
607 3000 711 3091 quasi
743 3020 840 3092 σχῆμα
857 2998 1047 3070 'delineare
1074 2998 1246 3091 cupienti,

103 3115 240 3204 liqueat
264 3115 449 3186 exordium
473 3113 653 3209 finemque
675 3115 861 3187 rhetoricis
874 3114 1020 3186 floribus
1041 3116 1251 3209 plerumque

101 3230 347 3322 inanibusque
365 3231 485 3303 verbis
509 3232 674 3303 adornari
696 3233 904 3324 lucarique:
927 3232 965 3302 in
988 3232 1105 3304 medio
1130 3238 1251 3304 autem

99 3346 233 3431 virtus,
254 3368 444 3440 rerumque
463 3349 568 3441 quasi
583 3367 735 3420 succus:

146 3464 254 3535 Haud
276 3465 380 3536 aliter
401 3465 553 3558 pistores
583 3466 683 3536 inani
713 3487 841 3558 spuma
866 3465 1065 3556 vacuisque
1093 3465 1253 3557 cupediis

100 3582 267 3652 crustula
281 3582 470 3652 includunt
485 3583 707 3676 cinguntque
725 3607 732 3652 :
748 3582 903 3654 mediam
918 3603 1003 3654 vero
1018 3592 1158 3676 partem
1170 3582 1255 3654 den·

103 3697 204 3767 tibus
222 3697 357 3780 morde,
377 3698 409 3768 si
424 3698 536 3770 solido
552 3719 644 3791 pane
658 3720 756 3790 eges.

146 3811 316 3882 Plurimis
337 3813 442 3884 Statii
466 3814 632 3886 versibus
648 3815 828 3907 perlectis,
854 3815 885 3885 si
913 3815 1043 3906 quaeris
1078 3835 1255 3906 quasnam

101 3949 160 3998 res
179 3927 249 3998 tibi
263 3929 482 4021 exposuerit,
498 3950 560 4002 eas
577 3931 813 4024 paucissimas
828 3951 908 4004 esse
928 3930 994 4002 tibi
1013 3931 1211 4024 apparebit.

146 4048 286 4115 Paucas
306 4067 363 4117 res
382 4046 507 4118 multis
519 4047 641 4119 verbis
655 4069 864 4142 expromere
876 4048 975 4118 valet
993 4067 1001 4118 :
1018 4068 1256 4138 unamquam-

101 4182 174 4252 que
198 4169 320 4233 autem
347 4183 423 4234 rem
451 4165 501 4236 ita
521 4165 702 4258 exprimit,
727 4175 862 4237 uteam
890 4166 1007 4256 magis
1022 4164 1252 4246 exsiccatam,

102 4299 213 4368 quam
228 4277 331 4352 tritas
345 4302 450 4368 uvas,
471 4283 664 4376 relinquat.
