3154 4970
606 341 765 404 ..33-

109 499 255 571 altarum
284 520 369 571 vero
392 500 590 572 Vesuvium
609 508 854 594 erumpentem
879 499 1083 572 describat:
1102 497 1256 570 Vesuvii

110 625 225 690 autem
253 617 439 689 calamitas
458 616 585 689 ultima
608 617 687 703 luit,
718 617 811 689 inter
838 638 894 689 res
923 617 1093 689 memoria
1120 616 1251 707 dignas

110 756 196 824 quas
215 734 368 821 noverit,
389 756 470 806 eum
494 743 655 827 poemate
679 756 742 806 suo
769 734 927 806 nondum
953 735 1107 826 perfecto
1133 734 1257 805 deces-

111 852 204 921 serit.

153 967 313 1058 Denique
339 967 498 1062 ejusdem
534 967 645 1060 patris
677 967 866 1058 disciplina
893 967 932 1037 in
961 964 1146 1037 educando
1173 971 1258 1034 nato

111 1105 217 1155 eausa
231 1084 310 1168 luit,
328 1105 391 1158 cur
405 1084 436 1154 is
448 1085 648 1155 assueverit
659 1083 823 1175 pessimis
834 1083 1013 1154 scribendi
1028 1081 1143 1152 modis
1154 1082 1258 1152 ratio-

114 1200 290 1292 nibusque
317 1199 516 1291 indulgere,
538 1222 617 1291 quae
643 1199 681 1270 in
708 1198 838 1270 scholis
869 1198 1257 1288 declamationibusque

112 1316 275 1408 usurpari
299 1315 475 1397 solebant,
495 1337 655 1409 quasque
684 1316 846 1407 singulas
869 1335 1078 1388 enumerare
1102 1313 1258 1385 tentabi-

114 1455 189 1502 mus
216 1457 223 1503 :
255 1441 331 1506 tum
358 1432 530 1502 nonnulla
554 1432 658 1523 fingit
681 1433 739 1503 vel
763 1432 978 1518 recordatur,
1009 1441 1084 1502 tum
1111 1431 1256 1502 deorum

112 1550 340 1627 hominumve
355 1547 521 1620 historias
534 1549 590 1619 vel
605 1558 779 1622 terrarum
795 1548 1070 1641 descriptionem
1086 1547 1184 1640 operi
1195 1567 1258 1616 suo

111 1665 254 1738 adhibet
272 1688 280 1734 ε
299 1665 486 1757 splendida
500 1665 643 1756 quidem
659 1665 722 1736 sed
740 1665 877 1756 fragilis
891 1686 934 1736 ea
949 1665 1067 1756 poesis
1081 1673 1147 1748 est,
1166 1663 1260 1733 sieut

109 1780 197 1854 varii
221 1779 274 1854 illi
292 1779 467 1872 nitidique
486 1780 589 1854 flores
615 1782 682 1851 sub
705 1781 818 1852 vitreo
838 1781 1027 1872 tepidoque
1051 1789 1142 1852 tecto
1167 1799 1260 1849 eres*

113 1905 245 1970 centos.
268 1899 403 1968 Statius
422 1898 582 1970 carmina
598 1920 663 1968 sua
682 1897 732 1969 ita
751 1897 943 1990 componit,
960 1907 1001 1968 ut
1018 1906 1071 1984 ea,
1090 1898 1190 1967 velut
1205 1903 1260 1965 ta-

109 2014 223 2086 bulati
242 2014 429 2106 cujusdam
447 2015 568 2087 trabes
586 2015 720 2086 eximia
736 2023 811 2086 arte
830 2018 1049 2106 conjunctae,
1067 2014 1170 2085 facile
1186 2013 1262 2085 dis·

113 2133 251 2204 solvere
270 2151 312 2200 ac
332 2130 497 2204 dirimere
510 2153 632 2223 queas.

147 2247 238 2320 'Nati
257 2247 434 2319 memoriae
449 2257 548 2339 pater
568 2248 745 2340 permulta
763 2248 992 2320 memoranda
1007 2247 1260 2339 laudandaque

113 2363 275 2438 tradebat
305 2387 313 2433 :
346 2364 384 2434 in
411 2364 525 2437 Silvis
550 2386 787 2457 agnoscemus
815 2387 894 2457 quse
922 2372 1083 2436 veterum
1112 2364 1259 2456 scripto-

115 2501 195 2552 rum
212 2500 318 2571 opera
337 2489 437 2571 pater
456 2502 573 2552 coram
592 2481 775 2574 discipulis
792 2480 980 2552 enucleare
994 2481 1121 2576 solitus
1140 2479 1258 2551 fuerit.

110 2596 202 2678 Quid
217 2596 347 2666 mirum
370 2597 400 2667 si
422 2597 517 2668 filius
538 2598 798 2690 mythologicas
819 2597 971 2683 tabutas,
988 2597 1201 2688 Homerique
1223 2604 1258 2667 et

110 2734 304 2803 graecorum
326 2721 509 2806 poetarum
529 2715 688 2788 carmina
699 2714 927 2805 usurpaverit
946 2713 1177 2804 imitatusque
1198 2713 1259 2798 sit,

107 2851 192 2900 cum
225 2830 442 2921 accipiamus
468 2830 506 2900 in
529 2839 679 2930 paterna
701 2831 820 2900 schola
853 2830 1006 2901 Statium
1027 2829 1070 2900 de
1094 2828 1260 2898 omnibus

108 2947 182 3016 illis
205 2947 436 3038 scriptoribus
453 2946 678 3032 disseruisse,
700 2955 806 3040 atque
825 2947 1078 3038 explanavisse
1102 2945 1183 3037 quis
1203 2966 1259 3014 oa-

109 3083 173 3132 sus
192 3064 315 3154 Trojae,
346 3085 453 3154 quam
476 3064 600 3134 tardus
624 3064 746 3135 Ulixes
776 3065 831 3155 (V,
854 3083 906 3146 111,
922 3063 986 3134 tlt
1011 3064 1076 3154 sq),
1098 3069 1257 3152 quantus

108 3178 299 3252 Maeonides
329 3201 438 3270 equos
466 3202 678 3272 pugnasque
711 3179 952 3273 descripserit,
987 3186 1163 3270 quantum
1197 3179 1261 3247 As-

107 3315 235 3366 craeus
269 3295 481 3386 Siculusque
508 3317 612 3372 senes
641 3296 817 3388 agricolas
850 3294 1056 3382 ditaverint,
1085 3295 1260 3386 quomodo

109 3413 325 3504 quantisque
338 3413 514 3485 illecebris
529 3412 723 3484 cecinerint
737 3411 923 3497 Pindarus,
941 3421 1002 3481 aut
1015 3412 1159 3504 Ibycus
1178 3409 1262 3480 Alc-

110 3551 196 3600 man
222 3527 515 3621 Stesichorusque
541 3529 652 3613 ferox,
678 3527 820 3620 Sappho
852 3529 911 3599 vel
939 3527 1166 3620 Lycophron,
1195 3526 1262 3595 im-

110 3645 327 3738 plicitusque
349 3646 509 3738 Sophron
524 3644 714 3735 tenuisque
738 3645 902 3715 Corinna.
927 3648 1011 3724 Quae
1032 3643 1150 3714 omnia
1175 3642 1265 3713 didi-

110 3762 160 3833 cit
175 3763 272 3856 apud
293 3772 442 3856 patrem,
459 3762 653 3853 eademque
674 3760 847 3839 imitanda
868 3763 905 3831 in
927 3761 1078 3855 propriis
1098 3759 1263 3831 versibus

112 3881 189 3950 suis
209 3888 329 3952 mente
347 3879 512 3950 obtinuit.
