3154 4970
750 343 910 410 —lt-

257 514 358 578 tanta
372 514 449 578 arto
470 509 641 593 conferre,
671 517 710 577 ut
740 505 1003 608 comparatione
1021 502 1244 574 Domitianus
1259 501 1409 572 extolle-

302 740 430 811 Nonne
449 749 569 812 tamen
589 742 626 810 in
649 741 717 811 hac
739 739 945 824 adulatione
965 738 1000 807 id
1025 735 1303 828 improbandum
1327 735 1407 819 luit,

258 855 412 926 Statium
433 857 479 927 ad
494 859 682 948 optimates
702 856 900 927 laudandos
925 876 997 924 non
1016 854 1123 936 fame,
1152 853 1245 924 sicut
1263 852 1409 920 Martia-

258 971 341 1058 lem,
365 981 527 1043 coactum
541 974 676 1044 luisse?
695 973 753 1046 cui
767 971 959 1042 nonnullas
974 991 1059 1063 opes
1081 963 1192 1040 fuisse
1212 967 1410 1040 verisimile

260 1095 326 1171 est,
343 1110 562 1181 quamquam
576 1089 762 1162 luvenalis
778 1088 971 1180 scripserat
991 1105 999 1156 :

423 1285 560 1367 [Statius]
576 1305 647 1348 cum
662 1285 755 1368 fregit
769 1285 914 1348 subsellia
929 1303 1020 1348 versu

421 1393 536 1470 Esurit‚

262 1581 428 1671 quamvis
445 1588 481 1651 et
495 1580 572 1672 ipse
587 1581 632 1652 de
646 1588 759 1653 semet
774 1581 852 1672 ipso
867 1579 998 1651 dixerit
1019 1605 1027 1652 :

541 1777 608 1854 Qua
622 1795 707 1840 nunc
721 1777 777 1839 tibi
792 1795 908 1860 pauper
922 1795 1025 1839 acerra

422 1885 525 1966 Digna
538 1883 636 1950 litem.

1025 1961 1086 2045 (S.‚
1103 1964 1127 2032 Ι
1144 1981 1186 2042 iv,
1204 1961 1288 2044 127.)

263 2149 375 2220 Statio
399 2151 591 2222 animarat
614 2175 631 2218 «
657 2151 897 2222 subcollibus
920 2152 1020 2222 Alhae
1041 2174 1103 2223 rus
1118 2151 1300 2245 proprium
1316 2173 1348 2234 a,
1371 2150 1409 2218 in

262 2265 356 2357 quod
375 2275 578 2338 currentem
593 2267 726 2338 undam
742 2267 918 2339 adducere
938 2270 1130 2361 imperator
1147 2268 1179 2339 ei
1199 2266 1409 2359 permiserat

268 2383 341 2471 (111,
370 2402 395 2470 1,
426 2384 496 2472 ol),
524 2391 559 2454 et
586 2383 624 2453 in
653 2405 723 2475 quo
748 2393 854 2475 poeta
878 2406 942 2455 suo
967 2385 1060 2477 patri
1084 2385 1263 2456 tumulum
1285 2382 1410 2455 eduxit

263 2501 318 2590 (V,
340 2518 392 2585 111,
414 2500 484 2589 37).

303 2619 383 2686 Non
409 2614 522 2706 igitur
552 2616 649 2686 viros
680 2617 864 2702 laudabat,
890 2637 936 2688 ne
964 2617 1137 2704 esuriret3
1171 2616 1280 2686 immo
1309 2636 1408 2702 vem,

262 2752 344 2802 cum
374 2731 593 2804 necessitate
617 2732 764 2805 minime
788 2742 1020 2826 premeretur,
1037 2755 1110 2803 non
1139 2740 1216 2804 erat
1249 2753 1313 2803 cur
1327 2752 1410 2802 eum

263 2868 531 2933 excusaremus,
552 2848 613 2939 qui
634 2851 876 2921 tantummodo
902 2850 1096 2921 familiares
1124 2849 1307 2920 blanditiis
1334 2847 1410 2918 suis

262 2971 549 3058 prosequeretur,
566 2985 636 3056 quo
661 2966 821 3037 securius
843 2987 900 3037 res
922 2987 1007 3037 suas
1031 2973 1204 3050 servaret,
1223 2973 1258 3036 et
1276 2963 1410 3034 amicos

261 3079 461 3172 locupletes
488 3079 668 3171 utilesque
693 3080 762 3152 sibi
791 3089 1024 3173 compararet.
1056 3081 1221 3151 Carmina
1248 3079 1410 3151 enimin

263 3195 526 3288 inclytissimas
550 3196 673 3266 domos
688 3196 829 3268 facilem
849 3218 1033 3269 accessum
1051 3198 1165 3289 poetis
1189 3196 1410 3289 aperiebant,

264 3333 347 3382 cum
387 3311 588 3383 ditissimus
631 3314 782 3406 quisque
823 3313 990 3385 versibus
1035 3311 1207 3383 celebrari
1247 3312 1409 3406 gestiret.

264 3431 355 3498 Nam
367 3427 498 3498 mirum
514 3438 712 3520 estquanto
727 3431 850 3502 farore
866 3430 972 3500 Statii
986 3430 1140 3520 aquales
1155 3428 1317 3498 carmina
1330 3449 1411 3520 pro-

264 3543 366 3636 sequi
390 3543 486 3615 soliti
511 3543 596 3616 sint.
623 3546 722 3624 Quod
746 3547 956 3616 universum
983 3544 1211 3616 versificandi
1226 3543 1412 3616 cacoethes

262 3659 452 3731 luvenalis
480 3658 765 3750 indignationem
799 3681 970 3758 acresque
990 3663 1088 3752 jocos
1111 3661 1299 3753 permovit.
1319 3663 1410 3730 Nam

265 3775 379 3868 poetis
405 3776 530 3866 gravis
562 3784 685 3847 auctor
712 3786 800 3861 erat,
831 3798 913 3847 cum
945 3777 1171 3847 Domitianus
1194 3777 1311 3869 ipson
1338 3784 1413 3845 stu·

262 3891 362 3961 dium
382 3890 589 3961 litterarum.
606 3901 642 3961 et
665 3913 821 3962 amorem
844 3893 1044 3962 carminum
1066 3891 1241 3974 simulans
1267 3917 1298 3977 n,
1321 3898 1413 3961 teste

264 4008 384 4077 Tacito
402 4007 461 4098 (l),
480 4007 718 4112 bibliothecas
734 4008 899 4079 incendio
915 4008 1126 4100 absumptas
1147 4007 1413 4101 impensissime

296 4230 331 4294 (l)
348 4229 428 4293 aaa,
441 4227 538 4294 1V,8tt.
