3154 4970
740 400 900 464 ..10-

288 562 399 639 Quam
414 557 577 628 vividam
591 578 649 629 res
664 558 881 650 depingendi
896 560 1102 632 facultatem
1121 559 1311 630 hebescere
1330 581 1394 651 ap-

243 682 357 767 paret,
386 673 449 742 uhi
468 674 638 766 temporis
660 683 723 745 aut
746 675 903 746 locorum
927 677 1042 768 spatio
1066 675 1299 747 describenda
1321 676 1394 744 dis-

242 798 330 861 tant.
352 790 510 880 Frigent,
526 792 660 862 nedum
677 811 846 883 expresse
862 793 985 864 vivere
999 791 1202 878 videantur,
1221 794 1299 882 ejus
1314 813 1394 882 my-

241 907 441 996 thologicae,
462 906 653 992 historicae,
672 908 920 1001 geographicae
933 909 1214 1001 explanationes.
1237 911 1394 978 Praesen-

241 1024 302 1107 tia,
314 1044 390 1112 non
403 1023 588 1108 distantia,
606 1025 758 1095 scrutari
772 1025 900 1110 valuit,
921 1025 1025 1117 quasi
1040 1025 1221 1095 oculorum
1232 1023 1394 1095 imbecil-

241 1138 347 1213 litate
360 1137 515 1229 quadam
534 1139 722 1212 laboraret.ยน

286 1258 411 1344 Itaque
427 1262 539 1325 totam
558 1277 662 1326 suam
684 1258 909 1347 imaginandi
933 1258 1008 1328 vim
1032 1257 1083 1328 ita
1099 1256 1334 1348 consumpsit,
1354 1264 1395 1325 ut

244 1372 490 1442 tantummodo
509 1371 706 1443 rhetoricas
727 1374 899 1465 plurimas
919 1375 1058 1445 dicendi
1078 1375 1233 1446 rationes
1252 1373 1395 1443 inveni-

242 1495 308 1573 ret,
327 1509 599 1580 sermonemque
615 1489 672 1560 his
683 1490 931 1582 distingueret.
946 1495 1061 1572 Quum
1072 1491 1183 1581 igitur
1195 1489 1395 1582 propinqua

244 1606 458 1690 considerat,
497 1606 642 1698 pictoris
678 1607 833 1694 officium
870 1608 1045 1696 sustinet3
1082 1607 1233 1678 rhetoris
1273 1615 1395 1677 autem

247 1733 366 1815 partas
382 1724 470 1815 agit,
492 1747 603 1815 quum
621 1725 819 1815 longinqua
836 1725 1018 1818 prospicit.

291 1843 376 1920 Quae
391 1842 510 1911 omnia
529 1841 657 1912 leviter
672 1843 847 1934 stringere
862 1865 958 1913 nunc
973 1843 1059 1912 satis
1077 1849 1143 1924 est,
1166 1863 1235 1932 quo
1256 1839 1397 1910 facilius

243 1955 351 2048 huJus
367 1957 530 2049 opusculi
548 1965 706 2030 tenorem
728 1959 971 2050 rationemque
990 1958 1151 2028 obtinere
1170 1978 1294 2048 queas
1312 1959 1398 2026 Pro-

245 2074 401 2164 positum
422 2083 595 2165 punotum
614 2073 813 2160 tulerimus
832 2075 874 2158 si,
893 2075 960 2146 hoc
979 2075 1148 2168 opusculo
1168 2074 1395 2166 perlustrato,

243 2187 389 2277 liquerit
399 2189 511 2260 Statio
522 2192 633 2262 fuisse
643 2193 840 2282 praesertim
850 2193 1012 2281 insignes
1023 2191 1167 2282 singule.
1177 2189 1398 2272 recordandi,

247 2303 484 2394 imaginandi,
508 2305 722 2377 observandi
741 2307 854 2392 doteS,
876 2307 1121 2399 potiusquam
1142 2305 1255 2376 elatos
1271 2325 1400 2375 sensus

250 2421 446 2511 mollesque
466 2422 575 2491 animi
596 2422 742 2493 effectus
762 2422 959 2515 accipiendi
979 2423 1204 2508 facultatem3
1222 2421 1349 2492 deinde
1369 2420 1399 2489 si

250 2537 357 2608 fidem
381 2539 582 2629 fecerimus,
600 2540 755 2631 plurima
772 2541 809 2609 in
839 2540 998 2634 ejusdem
1015 2539 1235 2611 carminibus
1263 2541 1395 2620 inesse,

249 2675 329 2745 quae
353 2653 576 2726 obtestentur
600 2657 706 2726 Statii
725 2678 852 2728 nomen
873 2656 1011 2727 tamdiu
1027 2655 1121 2748 apud
1140 2662 1300 2747 posteros
1323 2652 1400 2724 vic-

247 2778 369 2840 turum
386 2791 479 2854 esse,
496 2773 670 2863 quamdiu
687 2774 803 2843 adhuc
818 2773 998 2844 exstiterit
1013 2773 1253 2864 vigueritque.
