3154 4970
744 415 903 480 ..56-

247 574 416 646 Viden'ut
442 573 599 644 rusticus
622 573 737 659 PariS,
755 573 920 646 Oebalios
949 573 1096 644 visurus
1125 590 1279 656 amores,
1301 575 1402 639 trans

248 695 340 764 freta
363 691 502 762 invisas
520 711 633 763 naves
658 689 786 762 ducati
806 693 915 784 Cujus
942 689 1085 783 generis
1109 690 1205 761 locos
1227 687 1401 782 plurimos

127 857 130 863 ·
248 809 416 900 colligere
432 807 592 900 aequasi
612 829 785 900 oggerere
806 808 912 879 facile
934 829 1045 900 queas
1064 831 1072 879 :
1091 805 1297 878 istiusmodi
1311 824 1400 896 opus

248 925 415 998 Germani
434 924 613 1018 patienter
631 945 674 996 ac
687 924 749 996 diu
763 924 964 1018 suscipiant
983 923 1251 1015 extendantque
1265 941 1329 1016 per
1343 939 1400 990 me

249 1043 345 1113 licet.

293 1161 377 1240 Quae
405 1158 525 1230 omnia
551 1158 733 1231 rhetorum
762 1179 859 1231 more
880 1157 1100 1230 carminibus
1124 1157 1201 1229 suis
1237 1154 1397 1228 adhibet.

249 1281 426 1358 Personae,
442 1297 567 1366 quase
586 1276 839 1370 mythologicis
854 1274 1163 1360 fabulis'arcessit,
1177 1273 1277 1344 nullo
1296 1271 1400 1342 modo

246 1391 457 1462 viventibus
488 1391 625 1464 similes
647 1400 741 1464 sunt.
760 1394 891 1478 Verba,
910 1415 982 1465 non
1004 1413 1178 1486 personas
1197 1387 1303 1461 nobis
1320 1408 1401 1480 pro·

247 1509 361 1602 ponit.
389 1509 524 1581 Gallide
556 1511 670 1581 utitur
702 1512 842 1583 canoris
872 1511 1036 1596 vocibus,
1071 1531 1152 1603 quae
1180 1495 1402 1580 carminibus

248 1625 526 1698 concinnitatem
552 1627 691 1699 addunt
725 1652 732 1697 :
762 1628 825 1700 sed
851 1648 975 1700 omnes
1001 1627 1056 1697 illi
1088 1626 1138 1697 dii
1165 1626 1311 1718 deasque
1340 1633 1403 1695 aut

247 1741 375 1815 heroes
401 1743 631 1815 nullomodo
660 1745 796 1831 vivere,
838 1744 929 1816 nihil
962 1763 1082 1836 agere,
1116 1743 1217 1817 nulla
1250 1741 1400 1822 ‘sentire

247 1857 430 1930 videntur.

295 1976 451 2052 Nomina
471 1986 625 2061 tantum,
649 1999 721 2048 non
743 1978 865 2048 vultus
894 1978 1103 2069 animosque
1128 1977 1265 2050 Statius
1283 1974 1401 2048 abeis

252 2104 440 2170 mutuatur
464 2115 473 2166 :
498 2093 607 2164 flatus
634 2094 807 2187 quosdam
831 2094 931 2189 uocis
958 2103 994 2168 et
1017 2095 1110 2168 aeris
1142 2094 1254 2169 dicae.
1286 2096 1399 2163 Innu-

253 2236 359 2287 neros
383 2213 468 2284 deos
497 2218 560 2282 aut
583 2211 680 2281 viros
703 2210 807 2281 Statii
826 2211 996 2284 memoria
1024 2211 1280 2286 similitudines
1303 2231 1399 2301 quae-

248 2330 343 2403 renti
370 2328 493 2400 statim
526 2326 765 2420 suppeditat:
797 2326 893 2398 haud
921 2326 1026 2398 aliter
1054 2347 1100 2398 ex
1126 2327 1231 2414 dolio,
1264 2325 1400 2420 apertis

251 2445 462 2541 epistomiis,
479 2444 606 2514 vinum
621 2431 683 2514 aut
697 2443 814 2515 oleum
829 2443 958 2516 fluunt.

294 2566 387 2632 Dum
401 2559 572 2632 Claudius
587 2563 758 2630 Etruscus
774 2580 836 2653 pro
852 2560 1017 2631 defuncto
1033 2567 1132 2652 patre
1146 2581 1185 2630 se
1200 2559 1319 2651 ipsum
1329 2579 1403 2631 non

248 2680 399 2776 periisse
423 2677 541 2762 dellet,
561 2698 644 2748 ecce
674 2677 712 2747 in
741 2677 845 2748 Statii
873 2685 1029 2750 mentem
1057 2685 1250 2748 occurrunt
1278 2669 1401 2748 eorum

246 2796 406 2879 nomina,
428 2795 491 2886 qui
513 2815 576 2887 pro
601 2793 677 2864 suis
695 2801 844 2864 mortem
868 2803 929 2864 aut
948 2794 1109 2886 pericula
1123 2793 1222 2865 obire
1241 2815 1314 2865 non
1333 2794 1399 2864 du-

250 2913 470 2996 bitaverunt,
504 2918 675 3002 tanquam
696 2913 828 2980 AEneas
850 2917 913 2979 aut
939 2909 1070 3002 Scipio,
1091 2914 1247 2994 Lausus,
1276 2909 1403 2981 Alces-

248 3037 303 3101 tes
342 3037 404 3099 aut
440 3028 615 3120 Orpheus.
650 3031 743 3096 Dum
779 3026 905 3097 Atedio
941 3025 1078 3098 Meliori
1121 3013 1259 3112 scribit,
1299 3026 1404 3118 plura

245 3146 411 3238 exempla
420 3144 670 3236 adoptivorum
680 3142 836 3214 filiorum
850 3144 970 3227 refert,
988 3164 1077 3235 quos
1090 3143 1402 3236 ipsorumpatroni

245 3285 320 3335 non
335 3283 439 3336 secus
455 3268 683 3346 amaverunt,
706 3281 748 3331 ac
769 3269 936 3354 parentes
956 3271 1062 3331 natos
1087 3260 1238 3352 diligere
1261 3260 1399 3338 solent:

245 3380 285 3450 in
311 3378 417 3449 Statii
439 3377 612 3448 memoria
637 3377 745 3468 longo
768 3377 913 3468 agmine
930 3376 1130 3468 procedunt
1145 3397 1227 3447 cum
1248 3375 1399 3448 Chirone

246 3495 416 3580 Achilles,
430 3495 571 3565 Acoetes
588 3515 669 3563 cum
683 3493 860 3580 Pallante,
880 3513 962 3564 cum
977 3495 1106 3564 Perseo
1121 3492 1247 3585 Dictys
1263 3491 1400 3563 velino

248 3633 331 3683 cum
349 3609 502 3681 Baccho.

288 3722 420 3789 Verum
434 3717 487 3789 illi
503 3737 626 3788 omnes
646 3717 776 3808 frigido
795 3715 953 3808 quodam
967 3716 1142 3809 languore
1160 3715 1267 3808 quasi
1282 3717 1398 3788 exsic-

247 3841 387 3906 cantur.
408 3837 488 3905 Non
516 3833 663 3905 deorum
687 3833 883 3926 Olympum
902 3842 938 3906 te
951 3853 1160 3926 percurrere
1180 3832 1319 3919 credas,
1336 3833 1400 3904 sed

245 3952 373 4043 longas
408 3949 491 4020 illas
521 3955 733 4020 Musaeorum
766 3949 873 4037 aedee,
904 3950 967 4021 ubi
995 3956 1135 4023 veteres
1158 3953 1398 4042 AEgyptorum

247 4088 364 4158 reges,
380 4067 529 4137 amomis
542 4066 681 4137 inuncti
695 4074 730 4139 et
745 4067 846 4136 vittis
861 4066 1055 4158 infulisque
1070 4073 1106 4137 et
1118 4065 1274 4137 linteolis
1295 4065 1398 4136 invo-

245 4185 313 4254 luti
342 4183 556 4275 intentique,
588 4183 695 4275 rigidi
731 4184 978 4277 algentesque,
1018 4204 1120 4252 muro
1152 4183 1322 4268 acclines
1355 4183 1393 4252 in

247 4301 388 4370 silentio
408 4308 443 4371 et
462 4299 500 4369 in
521 4300 669 4392 pulvere
689 4300 879 4370 dormiunt.
