3154 4970
742 349 903 426 „18ss

247 527 379 597 musmo
397 527 456 616 (Ι),
475 518 753 636 committamus.
772 523 864 603 Quin
879 525 1001 608 etiam,
1022 523 1166 616 longius
1182 497 1403 615 procedente

247 643 501 725 assentatione,
521 662 641 711 nonne
657 649 697 710 ‘et
720 639 818 710 illius
840 625 1069 722 clementiam
1096 623 1230 724 Statius
1260 629 1399 712 extollit

248 760 303 850 (S.
335 761 395 843 ΙΙΙ,
421 777 473 842 111,
516 758 619 845 tort?
650 756 848 859 Dolendum
880 765 946 842 est,
988 778 1070 827 cum
1094 755 1260 826 historiae
1292 756 1397 826 nobis

247 873 391 943 omnino
416 859 628 942 dissimilem
656 863 848 942 Domitiani
880 871 1037 961 effigiem
1055 871 1263 963 praebeant:
1287 872 1404 962 liceat,

247 989 343 1059 enim
358 987 547 1076 recordari,
565 993 697 1077 quanto
715 986 844 1078 gaudio
859 987 1076 1079 quantisque
1091 967 1305 1058 clamoribus
1320 992 1398 1081 ejus

246 1089 371 1176 necem
395 1091 498 1196 plebs
523 1124 670 1173 romana
694 1089 882 1194 acceperit,
904 1103 1002 1190 dum,
1022 1104 1092 1172 viis
1111 1105 1256 1195 foroque
1274 1103 1399 1174 laetitia

245 1208 493 1304 frementibus,
511 1205 743 1290 turba'densa
758 1218 932 1310 palatium
946 1211 1154 1304 invadente,
1170 1219 1403 1311 imperatoris·

247 1343 385 1407 statuas
401 1335 616 1426 dejecerunt,
635 1337 784 1427 ejusque
798 1356 929 1406 nomen
943 1335 981 1406 in
992 1335 1121 1405 aedium
1130 1323 1247 1406 vfronte
1257 1331 1407 1406 malleis

246 1452 506 1522 aboleverunt:
528 1471 647 1520 nonne
668 1449 747 1521 ideo
767 1449 937 1522 iuvenali
952 1450 1071 1543 potius
1095 1451 1311 1523 credendum
1326 1458 1394 1532 est,

245 1568 308 1660 qui
327 1568 472 1638 omnino
491 1566 564 1637 alia
583 1567 627 1638 de
645 1567 847 1641 Domitiano
866 1569 1047 1659 professus
1067 1576 1146 1638 est:
1320 1547 1323 1554 λ

406 1739 510 1818 Atque
523 1737 645 1798 utinam
660 1737 708 1799 his
722 1737 825 1818 potius
840 1738 934 1820 nugis
947 1744 1010 1800 tota
1024 1738 1077 1799 illa
1092 1737 1223 1801 dedisset
1321 1761 1324 1767 ¹

406 1847 557 1926 Tempora
573 1844 707 1921 saevitiae,
724 1844 820 1907 claras
836 1846 947 1926 quibus
961 1846 1087 1908 abstulit
1101 1846 1170 1908 urbi

406 1952 604 2033 Illustrasque
618 1952 738 2014 animas
752 1953 882 2042 impune
894 1952 1053 2015 etvindico
1068 1952 1172 2016 nullo!

405 2058 465 2121 Sed
480 2060 581 2140 periit,-
598 2067 762 2142 postquam
777 2060 962 2122 cerdonibus
977 2079 1041 2122 esse
1056 2060 1215 2122 timendus

405 2166 563 2246 Coeperat:
578 2166 636 2229 hoc
650 2167 755 2228 nocuit
769 2167 948 2231 Lamiarum
962 2166 1042 2229 caede
1057 2167 1205 2230 madenti.
1252 2147 1253 2154 ἵ
1273 2149 1275 2154 ’

1102 2271 1184 2355 (sat.
1206 2275 1273 2356 iv.)

246 2439 351 2514 Statii
371 2436 491 2513 autern
513 2441 710 2533 aequalibus
732 2463 804 2512 non
825 2443 982 2513 maximo
1003 2442 1126 2514 honori
1149 2443 1201 2531 fit,
1223 2445 1391 2530 Statium,

247 2567 287 2630 ut
313 2580 384 2650 pro·
404 2557 636 2650 temporibus„
658 2558 845 2650 dignitatis
871 2580 946 2628 suae
971 2559 1189 2650 pudorisque
1214 2560 1393 2630 curiosum

247 2675 441 2758 exstitisse,
462 2674 494 2744 si
513 2675 616 2746 modo
635 2675 717 2766 quis
737 2674 826 2745 velit
845 2695 926 2745 eum
947 2696 1027 2745 cum
1052 2681 1104 2744 tot
1127 2675 1255 2747 ceteris
1278 2677 1406 2748 aetatis

245 2791 345 2862 illius
360 2791 474 2883 poetis
488 2793 659 2863 conferre.
671 2795 798 2862 Nonne
812 2791 908 2862 enim
922 2791 1094 2882 Papinius
1109 2799 1145 2862 et
1158 2793 1258 2862 ferox
1273 2813 1397 2885 super·

246 2907 386 3000 busque
404 2907 529 2993 fuisse,
546 2916 581 2978 et
601 2906 645 2976 ab
665 2905 762 2976 omni
781 2903 962 2978 dedecoris
983 2914 1045 2977 aut
1063 2907 1294 2999 turpitudinis
1314 2907 1396 2979 tabe

247 3022 477 3095 abhorruisse
502 3023 657 3108 videtur,
682 3023 712 3094 si
738 3022 842 3093 modo
868 3023 1041 3093 Martialis
1069 3023 1286 3109 memineris,
1309 3026 1395 3094 dum

247 3137 479 3211 Parthenium
505 3140 684 3224 admonet,
705 3148 826 3231 togam
851 3161 954 3209 suam
978 3139 1209 3211 consenuisse
1227 3142 1300 3232 (IX,
1323 3142 1393 3232 50),

247 3264 309 3325 aut
331 3250 544 3326 Faustinum
567 3256 729 3346 increpat
752 3254 815 3347 qui
838 3269 966 3326 versus
990 3254 1178 3348 acceperit,
1199 3256 1298 3326 nulla
1316 3257 1396 3327 red-

248 3370 323 3441 dita
350 3371 503 3462 pecunia
524 3374 578 3462 (V,
601 3372 674 3461 36);
707 3379 769 3441 aut
796 3370 909 3441 bonas
936 3371 1099 3443 lacernas
1127 3393 1149 3442 a
1176 3373 1264 3442 Rufo
1293 3372 1407 3465 petit,

249 3486 426 3578 accipitre
450 3509 471 3556 a
495 3487 606 3558 Stella
628 3479 771 3577 tegulas
795 3487 841 3558 ad
865 3495 999 3559 tectum
1019 3487 1115 3558 villae
1139 3510 1213 3558 suae
1236 3488 1396 3560 reficien-

249 3602 334 3673 dum
350 3605 437 3693 (Vll,
452 3603 522 3694 36),
540 3611 602 3672 aut
623 3603 800 3693 Regulum
821 3603 1000 3674 submisse
1019 3612 1208 3696 precatur:

370 3783 445 3844 AEra
459 3782 543 3844 domi
556 3801 620 3844 non
636 3788 726 3858 sunt;
740 3788 880 3863 superest
894 3782 962 3857 hoo,
982 3783 1113 3864 Regulo,
1129 3783 1229 3846 solum

451 3887 492 3952 Ut
502 3897 556 3952 tua
569 3890 740 3952 vendamus
755 3908 885 3952 munera
902 3891 1075 3971 :numquid
1090 3891 1188 3954 emis?

296 4063 372 4140 Qua
391 4059 519 4129 saltem
538 4053 665 4128 humili
685 4055 946 4129 consuetudine
965 4057 1101 4128 Statius
1119 4057 1306 4143 abstinuit,
1325 4059 1399 4130 avi·

278 4254 314 4319 tl)
333 4256 451 4312 Luctus,
468 4253 571 4304 Gala-ie
587 4254 632 4304 des
647 4255 786 4320 Antiquos.
