3154 4970
729 856 865 920 CAPUT
892 857 939 922 ΙΙΙ

524 1073 625 1154 Quae
649 1071 820 1141 finxerit
842 1074 1148 1170 inveneritque.
1169 1059 1171 1065 ’

301 1347 337 1416 Si
362 1347 507 1439 quidem
532 1348 676 1424 Statius,
696 1348 880 1438 preterita
900 1349 966 1442 ,vol
985 1348 1185 1442 longinqua
1211 1347 1416 1420 describere

257 1463 385 1550 nescit,
409 1464 508 1535 valet
531 1472 651 1535 tamen
677 1464 790 1533 multa
814 1465 953 1554 insigni
973 1464 1146 1535 facilitate
1173 1486 1214 1536 ac
1238 1463 1418 1534 varietate

255 1565 407 1670 fingere,¹
423 1603 503 1672 quae
518 1581 704 1651 rhetoricae
721 1581 810 1651 artis
830 1582 959 1650 miram
982 1582 1212 1674 prudentiam
1234 1580 1413 1652 iudicant.

255 1700 334 1768 Non
354 1718 485 1783 rerum,
503 1698 563 1768 vel
574 1699 763 1790 regionum
779 1708 1013 1770 externarum
1024 1699 1242 1791 peculiarem
1257 1697 1417 1790 speeiem

259 1813 467 1907 depingere,
495 1815 558 1886 sed
579 1817 702 1886 varias
724 1817 925 1886 carminum
950 1816 1214 1887 condendorum
1236 1823 1271 1886 et
1293 1831 1416 1886 rorum

258 1931 567 2020 proferendarum,
606 1933 1006 2024 componendorumque
1029 1932 1220 2003 verborum
1254 1932 1416 2006 rationes

256 2045 511 2139 doctrinasque
546 2048 713 2120 invenire
741 2051 864 2120 callet.
893 2051 993 2120 Sicut
1023 2048 1143 2120 rhetor
1174 2048 1323 2140 quidam
1352 2056 1418 2118 ant

258 2165 528 2256 grammaticus,
567 2187 640 2236 non
679 2167 772 2236 siout
805 2176 910 2257 poeta
944 2189 1046 2237 suam
1081 2164 1306 2256 imaginandi
1338 2165 1414 2235 vim

260 2291 418 2352 exercet.

302 2403 416 2481 Quam
431 2398 561 2470 callide
585 2399 731 2472 adhibet
751 2399 789 2469 in
808 2400 1030 2491 disponendo
1047 2398 1221 2491 poematis
1241 2399 1418 2489 cujusque

259 2524 383 2588 tenore
408 2541 414 2586 :
444 2524 521 2586 tum
543 2516 893 2607 interrogationibus
918 2525 954 2587 et
978 2515 1164 2608 responsis
1184 2515 1319 2603 utitur3
1341 2525 1418 2584 tum

257 2632 351 2704 salsa
366 2633 531 2722 quaedam
546 2633 641 2703 siout
653 2633 870 2725 veraponit;
888 2642 965 2703 turn
980 2633 1207 2703 narrationes
1222 2631 1414 2723 quasdam,

259 2749 319 2820 vel
339 2749 562 2840 allegoriam,
584 2749 644 2820 vel
661 2749 917 2820 translationes
933 2758 1102 2845 usurpat;
1124 2757 1201 2818 tum
1220 2768 1416 2840 personaee

263 2865 366 2934 terris
382 2872 549 2954 surgunt,
570 2887 649 2957 quae
659 2866 839 2937 orationes
849 2864 987 2936 hahent
1001 2866 1059 2936 vel
1071 2867 1192 2935 futura
1201 2865 1413 2957 praedicunt.

261 2981 389 3052 MIrum
408 2983 447 3052 in
467 2984 609 3053 modurn
624 2983 747 3053 calluit
766 2983 803 3053 in
820 3004 864 3054 ea
881 2992 956 3054 arte
982 3004 1090 3074 quam
1119 2982 1333 3055 rhetoricam
1352 3005 1416 3054 vo·

260 3106 355 3168 cant.
375 3099 547 3170 Pictorem
568 3099 758 3191 quemdam
777 3099 888 3187 dicas,
920 3101 981 3190 qui
1009 3100 1128 3193 potius
1157 3099 1280 3191 digitis
1307 3121 1415 3191 quam

262 3220 381 3284 mente
400 3213 591 3306 praecollat.

302 3331 501 3421 Inquirenti
520 3330 694 3421 quomodo
719 3331 826 3401 Silvae
849 3331 1011 3424 cujusvis
1031 3331 1141 3401 unius
1161 3331 1274 3402 variae
1291 3341 1415 3424 partes

257 3445 352 3517 iuter
377 3467 415 3517 se
443 3446 691 3540 disponantur,
724 3448 828 3518 facile
861 3457 1009 3541 apparet
1034 3469 1159 3519 omnes
1186 3448 1260 3520 lere
1287 3449 1413 3520 eadem

258 3565 395 3635 ratione
423 3565 638 3656 compositas
665 3565 790 3635 luisse.
820 3565 1035 3656 Priusquam
1062 3585 1207 3637 carmen
1233 3565 1412 3658 quoddam

259 3681 484 3752 condendum
502 3681 664 3774 incipiat,
685 3682 824 3753 Horatii
853 3682 1062 3754 meminisse
1086 3682 1240 3768 videtur,
1270 3691 1317 3767 et,
1343 3706 1411 3753 nu·

263 3798 319 3887 gis
352 3797 494 3868 omissis
522 3819 587 3868 nos
626 3798 721 3892 rapit
758 3799 796 3868 in
825 3799 962 3871 medias
996 3820 1068 3871 res.
1097 3802 1178 3871 Non
1203 3799 1294 3870 ludit
1328 3811 1413 3873 ante

261 3917 369 3986 iores.

305 4032 491 4103 Materiam
510 4054 613 4105 suam
633 4033 685 4106 sic
705 4032 925 4126 aggreditur,
947 4042 987 4103 ut
1003 4054 1097 4126 saepe
1112 4055 1239 4126 parum
1257 4033 1413 4125 simplex

264 4167 343 4219 esse
362 4147 538 4221 videatur.
570 4153 838 4244 Quamprimum
865 4171 930 4220 uos
953 4150 1046 4232 ierit,
1068 4157 1109 4219 ut
1135 4148 1261 4219 moniti
1289 4170 1412 4222 aurem

265 4265 498 4358 praebeamus.
521 4271 611 4338 Raro
631 4268 725 4338 enim
745 4287 820 4339 rem
835 4267 942 4359 plane
961 4287 1002 4337 ac
1022 4266 1231 4362 simpliciter
1250 4265 1408 4360 exponit.
