3154 4970
767 381 927 442 „30-

273 535 447 607 inurbane
475 556 602 607 versus
636 535 824 622 condebat,
860 559 974 628 genus
1007 539 1097 610 illud
1125 540 1230 608 famae
1258 527 1424 632 adeptuS,

272 652 367 742 quod
389 653 427 722 in
451 651 714 744 provinciarum
733 653 873 744 oppidis
901 654 1051 745 gloriam
1077 655 1250 724 imitatur.
1269 658 1343 734 Quo
1359 676 1427 727 nec

272 768 389 857 magis
418 768 603 838 assiduum
630 788 697 838 nee
726 767 1004 861 splendidiorem
1037 779 1179 862 poetam
1205 771 1244 841 in
1274 771 1426 864 poeticis

269 883 364 955 ludis
388 884 510 954 audire
538 892 614 954 erat
639 885 700 975 (1).
736 887 810 963 Quo
835 887 977 977 plausu,
1003 908 1073 977 quo
1097 886 1213 976 plebis
1241 889 1364 958 favore
1388 888 1428 957 in

272 1000 474 1093 Campaniae
489 1000 819 1092 quinquennalibus
839 1001 1039 1073 declamare
1056 1003 1212 1097 incepit!

511 1155 637 1235 Stupuit
652 1154 797 1234 primaeve
816 1155 854 1217 ed
869 1155 1006 1217 carmine
1020 1154 1123 1237 plebes

431 1261 558 1334 Euboea,
576 1269 606 1323 et
620 1263 701 1323 natis
715 1269 744 1324 te
760 1269 971 1325 monstravere
986 1271 1138 1344 parentes.

315 1405 424 1475 Paulo
448 1412 540 1497 post,
566 1411 778 1475 camertem
805 1403 985 1475 auditores
1011 1401 1138 1475 dooere
1165 1395 1284 1496 coepit,
1315 1425 1425 1496 quam

271 1529 371 1592 tauta
390 1520 517 1614 peritia
539 1520 616 1612 ipse
642 1509 844 1592 exercebat.
873 1524 984 1601 Quem
1002 1530 1044 1591 ut
1070 1521 1236 1592 audirent
1257 1521 1426 1612 permulti

271 1619 525 1721 convenenmt,
552 1659 633 1707 cum
655 1638 732 1728 ejus
761 1658 892 1707 nomeu
907 1657 971 1728 per
995 1644 1104 1707 totam
1120 1637 1220 1707 illam
1240 1638 1424 1729 regionem

270 1755 437 1826 volitaret
453 1753 506 1843 (V,
528 1772 580 1837 111,
598 1754 662 1823 162
682 1753 746 1846 sq).
1050 1733 1055 1744 ⁸

313 1875 387 1952 Qua
400 1872 494 1940 fama
508 1871 633 1954 fretus,
651 1867 973 1961 splendidiorisque
993 1871 1095 1960 quasi
1119 1891 1235 1941 scenae
1254 1870 1420 1962 cupiduS,

269 1988 443 2080 neglectis
463 1985 651 2079 oppidanis
668 1985 757 2068 suis,
778 1990 926 2056 Romam
941 1987 1142 2076 ingressus,
1164 1985 1209 2056 ed
1224 1987 1420 2057 romuleam

270 2105 418 2196 stirpem
433 2103 632 2173 carminum
649 2110 760 2174 artem
776 2101 982 2173 discendam
997 2122 1166 2193 prospere
1183 2103 1318 2188 elicuit,
1334 2102 1421 2173 dum

270 2229 305 2290 et
324 2221 402 2312 ipse
429 2219 588 2290 carmine
612 2240 677 2288 sua
695 2217 911 2310 expellebat,
937 2219 1014 2289 sive
1037 2218 1242 2290 incendium
1259 2218 1421 2310 Capitolii

270 2335 488 2429 deplorabat,
506 2335 584 2406 sive
597 2337 795 2407 Vesuvium
817 2343 1062 2427 erumpentem
1081 2356 1209 2406 cauere
1233 2335 1422 2428 aggredie-
1488 2413 1490 2418 ,
1568 2327 1569 2330 ’

270 2453 388 2524 batur.
405 2453 593 2544 Interejus
608 2453 803 2545 discipulos
815 2473 909 2521 unus
921 2451 1099 2544 praecipue
1113 2451 1280 2542 magistri
1295 2472 1421 2522 curam

223 2594 228 2608 ·
271 2569 616 2661 sollicitudinemque
629 2567 668 2637 in
683 2589 722 2640 se
736 2567 968 2638 convertebat
980 2575 1017 2638 et
1031 2588 1126 2659 saepe
1145 2567 1346 2638 subrideuti
1364 2586 1423 2636 ar·

270 2685 410 2757 ridebat
438 2708 446 2754 :
477 2705 606 2777 nempe
632 2684 736 2754 Statii
760 2683 893 2755 veteris
912 2683 1008 2753 filius
1028 2693 1116 2755 erat.
1148 2683 1214 2764 Qui
1244 2682 1422 2773 genitoris

270 2802 446 2896 poeticum
470 2801 657 2892 ingenium
679 2800 817 2893 accepit
836 2800 1068 2892 imitatusque
1093 2808 1159 2870 est.
1181 2799 1279 2869 Patri
1301 2806 1421 2870 autem

270 2920 368 2990 luere
395 2917 563 2989 facillima
591 2915 779 3009 fluensque
804 2916 983 2988 scribendi
1006 2918 1119 3007 copia,
1146 2916 1203 2986 vis
1227 2915 1352 2988 docilis
1377 2914 1422 2986 ad

271 3035 391 3106 omnia
423 3055 555 3125 genera
582 3033 812 3126 experienda,
847 3034 1001 3122 denique
1034 3054 1077 3104 ea
1109 3033 1241 3103 mentis
1269 3032 1421 3102 facultas

269 3172 348 3242 quae
362 3171 586 3243 quocumque
604 3150 698 3219 verti
722 3155 915 3241 pateretur,
937 3149 1016 3220 sive
1039 3148 1177 3218 animos
1200 3167 1421 3218 commovere

268 3267 463 3338 tentabat«
484 3274 532 3352 te,
549 3266 679 3348 Pietas,
702 3265 898 3357 implorans
918 3289 935 3334 »
941 3285 951 3352 ;
969 3265 1047 3334 sive
1060 3268 1080 3332 J
1084 3263 1244 3333 ustitiam
1263 3263 1350 3332 coelo
1365 3283 1422 3334 re-

265 3383 430 3467 vocabat,
461 3390 522 3453 aut
549 3382 693 3472 gemina
721 3380 849 3473 lingua
874 3379 1060 3450 Facundia
1094 3378 1311 3471 plangebat3
1341 3378 1419 3448 sive

269 3519 400 3589 graecos
423 3498 600 3568 latinosve
620 3518 815 3582 sermones
842 3497 993 3567 eroticas
1015 3495 1252 3566 bacchicasve
1271 3494 1422 3565 cantile-

266 3635 345 3698 nas,
365 3638 383 3681 «
399 3614 552 3685 Arcadia
566 3614 747 3685 testudine
761 3613 866 3707 pulsa
885 3638 917 3698 n,
935 3610 1210 3705 philosophiam,
1228 3610 1421 3700 tragedias

268 3750 395 3819 graves
414 3730 592 3804 hilaresve
609 3730 802 3800 comoedias
823 3728 1017 3813 scribebat,

914 3880 985 3943 Sive
1000 3898 1069 3942 orsa
1083 3878 1198 3942 libebat

425 3989 534 4052 Aoniis
549 3988 663 4051 vincire
678 3987 790 4065 modis,
804 4007 856 4050 seu
871 4006 946 4050 voce
961 3986 1062 4048 solute

426 4097 587 4178 Spargere,
605 4104 634 4158 et
648 4095 764 4158 effreno
779 4095 902 4157 nimbos
917 4111 1049 4174 aequare
1063 4092 1197 4174 prolatu.

1020 4197 1081 4279 (S,
1095 4201 1134 4272 V,
1150 4217 1196 4276 111,
1213 4199 1298 4280 101.)

296 4319 330 4382 tl)
344 4317 384 4372 Gl.
400 4317 595 4382 urieuhenuer,
605 4320 711 4376 Grosso,
725 4316 804 4376 Nohl,
820 4319 870 4369 ete.
