3154 4970
585 402 748 468 ..43-

311 565 379 629 Huc
391 566 510 628 intrant
523 564 627 628 faciles
641 563 703 625 emi
714 561 838 644 puelle,

312 673 367 736 llic
381 672 559 754 agnoscitur
570 689 674 746 omne,
690 669 772 751 quod
786 668 916 732 theatris

313 782 377 844 Aut
391 779 492 844 forma
505 778 603 860 placet
616 784 670 840 aut
684 777 832 860 probatur
845 781 921 838 arte.

313 888 377 952 lloc
390 882 544 968 plaudunt
557 901 650 969 grege
662 883 769 964 Lydiae
781 889 953 958 tumentes,

313 991 371 1058 Illo
385 990 527 1074 cymbala
540 989 733 1074 tinnulaeque
743 988 859 1063 (ladem

312 1099 378 1162 Illic
389 1098 516 1181 agmina
529 1095 727 1162 confremunt
739 1097 903 1178 Syrorum,

312 1205 369 1269 Hic
382 1205 468 1287 plebs
484 1203 613 1280 scenica,
630 1204 746 1286 quique
760 1203 959 1266 comminutis

314 1315 500 1378 Permutaut
512 1311 617 1378 vitreis
628 1310 750 1394 gregale
764 1310 908 1392 sulphur.

139 1486 249 1564 Quam
272 1481 369 1552 inter
385 1481 527 1574 plebem
546 1488 633 1573 quot
652 1480 773 1551 varius
792 1479 979 1550 hominum
1003 1477 1142 1571 species
1163 1476 1243 1547 des·

94 1597 278 1670 cribendas
304 1598 421 1691 plenis
441 1595 578 1668 tabulis
603 1595 742 1668 Statius
761 1595 923 1677 notabat,
945 1594 1073 1665 obesos
1087 1592 1242 1686 Judiees,

94 1715 261 1786 delicatos
276 1722 509 1808 comptusque
524 1711 782 1797 adolescentes,
796 1737 814 1780 «
828 1710 951 1783 faciles
967 1711 1037 1781 emi
1053 1709 1192 1804 puellas
1208 1734 1242 1792 u,

94 1831 336 1915 circulatores,
369 1831 545 1916 latrones,
587 1829 812 1923 pediculosos
856 1827 1039 1902 mendicos
1077 1826 1241 1898 ebriosve

94 1951 234 2017 servos!
256 1950 340 2029 Quas
367 1947 499 2032 omniu,
525 1947 692 2040 quamvis
715 1945 919 2017 humillima
941 1944 1027 2030 sint,
1044 1943 1240 2037 depingere

93 2063 244 2144 Statium
261 2065 378 2155 juvat.
400 2065 493 2134 Dum
513 2067 662 2136 Amores
683 2063 823 2136 decisos
838 2062 961 2151 Earini
976 2060 1123 2153 capillos
1138 2059 1239 2131 colli-

94 2187 198 2268 gunt,
235 2197 357 2251 nonne
392 2180 491 2251 dicas
524 2202 590 2254 nos
626 2180 664 2252 in
701 2180 781 2250 vico
814 2179 967 2270 quodam
1004 2176 1118 2263 urbis,
1143 2176 1238 2269 apud

92 2305 271 2368 tonsorem
298 2296 441 2368 clientis
464 2305 586 2368 mento
611 2296 801 2370 candidam
827 2315 993 2388 mappam
1009 2294 1236 2386 pendentum,

92 2411 262 2483 adstare:

269 2582 503 2664 Expediuntque
513 2601 616 2644 comes
631 2589 663 2645 et
677 2581 773 2650 serica
783 2587 904 2662 pectore
918 2586 1040 2661 ponunt

272 2677 381 2754 Pallia.

844 2766 906 2850 (a,
922 2768 978 2841 111,
992 2785 1035 2842 n,
1051 2768 1116 2848 aa.)

129 2941 258 3010 Nonne
277 2938 394 3010 Atedii
408 2939 565 3011 Melioris
584 2959 737 3032 puerum
752 2935 906 3008 sartoris
919 2938 1081 3030 cujusvis
1100 2937 1236 3010 ratione

84 3075 127 3122 ac
142 3055 292 3126 consilio
306 3055 418 3126 vestit
436 3078 444 3124 ε

288 3225 364 3302 Quae
378 3232 488 3298 vestes,
506 3243 575 3308 quae
590 3242 655 3286 non
672 3193 846 3304 gestamina
861 3223 946 3286 mitis

226 3333 403 3395 Festinebat
416 3331 524 3395 herus!
541 3321 685 3394 brevibus
699 3333 911 3413 constringere
925 3330 1014 3394 laenis

226 3439 354 3500 Pectora
367 3446 398 3500 et
411 3444 546 3519 angusta
559 3436 648 3499 talari
663 3431 763 3500 artare
777 3436 907 3499 lacertos

225 3546 375 3608 Eoormes
389 3563 454 3607 non
470 3543 522 3607 ille
537 3545 655 3617 sinens,
674 3545 726 3607 sed
744 3563 866 3626 semper
879 3543 918 3606 ad
931 3563 1032 3608 annos

223 3653 317 3716 Texta
332 3651 439 3734 legans
450 3650 542 3713 modo
557 3651 688 3732 puniceo
705 3650 828 3713 velabat
842 3651 970 3729 amictu,

223 3761 315 3824 Nunc
328 3759 439 3824 herbae
450 3759 592 3822 imitante
606 3758 689 3829 sinu,
706 3776 791 3822 nuno
805 3758 893 3822 dulce
908 3760 1032 3822 rubenti

224 3864 349 3929 Murice.

851 3970 912 4056 (S.‚
930 3975 971 4050 ll,
987 3992 1008 4045 1,
1026 3976 1112 4062 429.)

122 4155 208 4222 Non
236 4151 349 4223 Statio
376 4151 499 4222 multis
520 4153 643 4224 uerbis
669 4174 758 4245 opus
777 4164 845 4240 est,
870 4163 910 4222 ut
935 4155 1110 4245 picturam
1129 4157 1234 4247 quasi

82 4267 284 4356 adumbret,
315 4269 447 4364 quippe
470 4290 551 4339 cum
577 4289 671 4362 saepe
694 4291 767 4340 uno
792 4291 901 4341 versu
927 4271 978 4340 ita
1006 4271 1057 4357 fit,
1088 4282 1129 4342 ut
1151 4294 1231 4365 per-
