3154 4970
613 782 748 849 CAPUT
776 786 806 849 ll

231 991 452 1074 Quaeretur
474 1010 582 1081 quos
605 994 735 1060 animi
757 999 901 1062 motus
923 967 1183 1086 affectusque

520 1136 678 1204 sentire
700 1135 892 1205 valuerit.

180 1393 216 1464 si
228 1393 373 1485 quidem
391 1392 527 1463 Statius
543 1391 705 1464 excelsos
724 1393 936 1484 nobilesque
952 1414 1081 1466 sensus
1100 1414 1179 1464 raro
1204 1414 1280 1486 pro·

140 1511 215 1596 lert,
232 1530 311 1580 raro
331 1509 440 1580 etiam
453 1510 531 1601 ejus
546 1517 672 1600 pectus
688 1509 856 1580 mollibus
872 1508 1109 1601 dulcibusque
1125 1509 1280 1579 motibus

139 1626 227 1696 allici
247 1625 402 1711 videtur,
433 1647 514 1696 cum
543 1625 675 1717 saepius
699 1633 871 1718 appareat
893 1646 950 1698 res
973 1625 1207 1718 hominesque
1235 1626 1280 1696 ab

140 1764 291 1833 eoaque
307 1742 556 1834 incurioseque
582 1742 701 1812 animo
727 1741 877 1834 adspici‚
905 1763 1058 1834 cumque
1080 1745 1157 1835 ejus
1182 1742 1281 1813 dolor

138 1858 251 1950 magis
276 1857 390 1950 perite
418 1859 606 1950 magisque
628 1858 786 1929 litterate
810 1859 1046 1949 exprimatur,
1074 1880 1183 1950 quam
1202 1867 1282 1931 ute

138 1976 273 2046 sincero
299 1975 402 2047 corde
421 1983 597 2067 erumpat.
623 1975 818 2045 Abhorruit
841 1975 938 2044 enim
966 1975 1015 2046 ab·
1028 1976 1188 2046 incitatis
1208 1975 1281 2045 illis

135 2091 394 2183 funeribusqui
404 2090 564 2161 animum
574 2091 718 2162 veritati
729 2090 925 2183 virtutique
934 2089 1170 2162 confidentem
1178 2090 1280 2182 peni-

137 2215 267 2300 tusque
300 2209 513 2298 flagrantem
550 2205 596 2276 ad
634 2226 763 2300 supera
801 2206 977 2277 extollunt
1015 2207 1278 2298 sustineatque.

136 2326 248 2418 Igitur
266 2325 405 2418 quoties
423 2324 557 2395 Statius
578 2322 764 2394 abstrusos
782 2344 866 2392 suos
890 2343 1018 2393 seusus
1032 2321 1135 2391 nobis
1157 2323 1280 2392 furtim

135 2443 260 2536 aperit,
281 2441 428 2513 minime
447 2433 569 2510 mirari
587 2438 771 2522 debemus,
792 2440 823 2509 si
847 2438 938 2509 nihil
957 2439 1049 2530 apud
1075 2459 1157 2510 eum
1179 2439 1279 2510 inve-

132 2561 265 2644 nimus,
287 2556 357 2628 nisi
375 2577 527 2627 vacuum
544 2565 592 2638 et,
618 2563 659 2625 ut
681 2555 880 2640 italicam,
903 2555 1121 2627 exsiccatum
1138 2563 1275 2646 pectus,

131 2684 168 2746 et
184 2673 324 2745 tristem
344 2692 592 2762 morosumque
608 2670 779 2757 animum,
794 2673 899 2763 quasi
909 2672 1028 2741 omnia
1043 2671 1080 2740 in
1094 2670 1277 2740 bominum

130 2792 207 2860 vita
229 2789 382 2883 pessime
400 2808 439 2858 se
459 2787 645 2858 haberent.
662 2791 745 2868 Quae
761 2787 907 2858 tristitia
922 2787 1179 2879 pulcherrimos
1195 2809 1276 2878 gra-

129 2907 371 2998 vissimosque
389 2925 517 2975 versus
533 2902 705 2975 scribenti
724 2903 853 2974 incutit
871 2926 878 2972 :

290 3075 441 3157 Quicquid
455 3075 513 3136 init
529 3081 623 3151 ortus,
638 3073 732 3136 linem
747 3075 846 3138 timet.
863 3075 979 3136 Ibimus
995 3094 1114 3152 omnes,

291 3184 408 3245 Ibimus
426 3201 433 3243 ε
450 3181 611 3244 immensis
622 3200 733 3243 urnam
748 3182 848 3262 quatit
861 3184 972 3244 AEaous
982 3181 1104 3246 ulnis...

764 3290 826 3354 Nos
840 3291 930 3352 anxia
943 3289 1060 3370 plebes,

197 3377 199 3381 Ι
291 3398 352 3461 Nos
368 3396 484 3472 miseri,
500 3394 614 3476 quibus
629 3395 713 3458 unde
723 3395 787 3457 dies
803 3412 958 3475 suprema,
975 3396 1044 3476 quis
1058 3395 1115 3456 aevi

291 3503 408 3583 Exitus,
420 3503 586 3565 incertuml

751 3579 857 3663 (sita,
874 3581 914 3654 ΙΙ,
930 3601 965 3655 1.‚
982 3585 1052 3659 218,
1068 3583 1127 3664 sq.)

172 3748 316 3825 Quanto
340 3743 498 3830 fastidio,
524 3765 632 3834 quam
665 3743 815 3814 molesta
844 3742 1011 3813 satietate
1038 3742 1150 3812 vitam
1177 3743 1278 3833 parvi

122 3862 287 3934 aestimat
304 3883 312 3933 :

369 3977 443 4052 Nos,
459 3977 530 4038 vilis
544 3976 645 4053 turba,
661 3974 782 4038 oaduois

290 4084 449 4146 Deservire
464 4083 554 4145 bonis
569 4102 750 4164 semperque
763 4091 868 4164 optare
881 4082 991 4163 parati,

289 4191 472 4275 Spargimur
486 4192 516 4255 iu
532 4209 630 4254 casus.

950 4271 1004 4353 (ll,
1021 4289 1054 4344 11,
1070 4271 1153 4353 129.)
