3154 4970
755 411 914 475 ..80-

264 584 340 646 reat
354 596 445 644 anus
460 573 623 665 quedam
638 571 800 642 crinibus
810 571 1006 662 infulisque
1023 571 1120 653 alba,
1134 572 1271 644 scilicet
1281 578 1410 646 Guma-

264 713 343 762 rum
363 689 503 783 Sibylla
526 689 728 761 Domitiano
748 689 875 762 laudes
896 688 1169 782 triumphosque
1194 690 1232 762 in
1249 692 1411 762 futurum

264 809 490 902 praedictura.

310 923 447 1017 Saepius
475 923 571 994 enim
607 921 713 994 Statii
737 942 898 1014 personae
925 922 1045 993 futura
1068 923 1259 1016 praedicere
1282 924 1410 996 solent.

265 1045 409 1133 Longas
437 1039 703 1133 promissasque
736 1038 1005 1132 explanationes
1042 1039 1125 1112 inde
1161 1039 1260 1111 ducit
1292 1061 1300 1110 :
1335 1047 1414 1110 tum

265 1162 386 1229 Venus
415 1155 629 1227 Violentillae
653 1155 882 1248 prenuntiat,
906 1155 986 1247 quis
1013 1157 1091 1248 ejus
1114 1160 1246 1250 conjux
1270 1157 1414 1228 futurus

266 1275 331 1366 sit;
353 1282 431 1344 tum
447 1272 606 1366 Calliope
619 1276 764 1344 Lucano
784 1271 882 1358 dicit,
900 1294 979 1364 quae
998 1272 1126 1345 debeat
1141 1294 1281 1361 canere,
1303 1293 1414 1366 qnam

266 1389 417 1482 gloriam
446 1388 609 1481 adipisci,
638 1410 707 1480 quo
737 1389 808 1460 fine
836 1396 964 1460 tacere.
992 1389 1084 1471 Quin
1107 1397 1143 1462 et
1171 1390 1308 1462 Statius
1335 1389 1416 1482 ipse

264 1508 386 1578 futura
404 1506 521 1577 noscit
538 1527 580 1576 ac
594 1505 815 1576 vaticinatur
821 1527 831 1592 3
844 1513 920 1575 tum
935 1505 1194 1577 Abascantium
1209 1507 1312 1578 docet
1326 1529 1416 1598 quo·

265 1623 368 1694 modo
394 1622 607 1714 Proserpina
628 1619 723 1714 apud
750 1621 882 1693 inferos
906 1621 1106 1693 Priscillam
1133 1626 1181 1695 sit
1208 1630 1414 1716 acceptura,

265 1748 341 1810 tum
369 1737 556 1810 Glauciam
580 1738 766 1809 certiorem
790 1737 877 1808 facit
901 1740 979 1829 ejus
1006 1739 1199 1810 delicatum
1224 1743 1269 1810 ad
1290 1737 1417 1832 Stygis

264 1856 361 1948 ripas
377 1854 527 1926 feliciter
551 1862 742 1926 venturum
762 1874 841 1928 esse
858 1854 912 1944 (11,
930 1874 954 1940 1,
972 1856 1063 1941 184).

308 1975 455 2043 Necnon
496 1971 632 2041 Statius
674 1970 791 2062 ligura
820 1970 882 2041 illa
920 1971 973 2041 uti
1011 1977 1118 2057 amat,
1157 1992 1265 2062 quam
1303 1971 1418 2041 Graeci

265 2087 429 2170 ἀλληγορίαν
472 2085 652 2158 dicebant.
694 2090 791 2172 Quae,
817 2087 983 2178 quamvis
1023 2086 1183 2181 putidam
1223 2086 1418 2177 quamdam

266 2204 610 2297 exquisitioremque
629 2210 743 2274 artem
752 2203 921 2287 redoleat,
940 2213 1099 2276 attamen
1112 2225 1186 2276 non
1199 2204 1278 2275 sine
1297 2203 1419 2297 lepore

268 2321 455 2414 gratiaque
481 2319 586 2390 nobis
622 2321 730 2391 refert
762 2319 1056 2391 consuetudinem
1088 2320 1187 2391 illam
1212 2327 1417 2391 nostrorum

265 2436 455 2530 pictorum,
474 2457 563 2526 quos
580 2435 747 2528 juvabat,
768 2436 928 2528 proximo
945 2437 1088 2521 saeculo,
1111 2444 1148 2508 et
1165 2437 1203 2509 in
1218 2436 1419 2529 parietibus

268 2554 362 2625 etin
387 2553 498 2646 portis
521 2552 693 2624 ornandis
719 2571 840 2625 roseos
864 2573 1004 2626 amores
1027 2552 1123 2626 inter
1148 2553 1302 2626 nebulas
1328 2553 1422 2624 uoli-

267 2676 388 2740 tantes
410 2669 583 2760 effingere
602 2668 663 2759 (l).
681 2671 829 2740 Amores
854 2669 892 2740 in
916 2669 1023 2741 Statii
1040 2670 1152 2741 Silvis
1171 2690 1314 2762 quoque
1329 2667 1420 2740 roli-

266 2793 346 2858 tant
362 2809 369 2854 :
390 2793 468 2855 tum
482 2785 624 2855 Etrusci
640 2785 788 2856 bustum
802 2793 1003 2858 extremum
1018 2787 1180 2858 salutant
1199 2809 1207 2855 :

468 3003 525 3066 Illa
540 3001 703 3084 sagittiferi
717 3002 984 3066 circumvolitastis
998 3005 1133 3067 Amores

468 3111 590 3173 Funera
605 3116 806 3193 maternoque
820 3130 912 3194 rogos
925 3111 1056 3174 unxistis
1069 3130 1203 3175 amomo.

970 3215 1031 3300 (8.,
1049 3217 1105 3297 ΙΙΙ,
1121 3236 1165 3295 ιιι,
1188 3217 1269 3300 Ι3Ι.)

311 3436 401 3507 Τιιιιι
426 3427 601 3528 pumiceis
630 3433 743 3506 antris
771 3432 942 3506 Nereides
974 3433 1159 3519 exsiliunt,
1188 3439 1230 3503 ut
1250 3434 1361 3505 festos
1380 3430 1420 3502 in

267 3551 430 3624 Herculis
463 3550 632 3622 honorem
667 3558 860 3643 apparatus
893 3549 1131 3644 prospiciant;
1168 3558 1246 3620 tum
1286 3569 1419 3620 navem

267 3676 373 3761 portu
387 3667 630 3760 egredientem
646 3668 795 3738 numina
809 3667 921 3738 maris
935 3666 1150 3737 comitantur
1166 3666 1237 3757 (111,
1254 3683 1294 3750 11,
1312 3665 1382 3755 35).

312 3783 487 3877 Denique,
512 3783 647 3854 Statius
667 3784 704 3853 in
721 3783 861 3855 cunctis
882 3782 970 3853 artis
990 3782 1127 3874 poeticae
1141 3780 1246 3874 quasi
1268 3780 1420 3853 latebris

271 3900 388 3991 magis
413 3898 638 3986 versabatur,
669 3919 778 3991 quam
806 3906 847 3970 ut
869 3898 1012 3970 facilem
1040 3897 1138 3969 illam
1160 3897 1421 3990 fecundamque

302 4145 335 4208 (ι)
351 4145 450 4198 Nurac
472 4140 559 4206 (tntu,
574 4143 594 4202 1,
609 4142 675 4207 att),
702 4141 813 4196 statium
827 4153 887 4196 oum
898 4143 973 4208 poeta
988 4143 1080 4196 nostm
1095 4141 1175 4194 Iterat
1189 4141 1298 4202 contert.
1315 4140 1419 4194 lttenlm

272 4224 364 4291 poetas
381 4221 547 4288 pictoresque
568 4223 663 4276 rvmml
684 4222 774 4276 saculi
790 4222 935 4288 sepissime
949 4223 1084 4274 silvorum
1099 4219 1191 4276 auctor
1209 4219 1286 4275 nobis
1299 4219 1329 4274 ln
1344 4233 1420 4275 men-

271 4307 326 4360 tem
339 4303 420 4368 duoit‚
434 4303 554 4358 Boucher
567 4303 612 4358 vel
623 4303 782 4369 rugosam,
797 4303 1009 4358 sant-tanuen
1022 4303 1067 4358 vel
1076 4303 1202 4358 Roucner.
