3154 4970
740 383 900 447 ..20-

249 542 433 632 cogitavit.
463 546 588 633 Itaque
619 565 700 612 oum
724 552 934 614 moerentem
965 544 1157 634 quomdam
1185 543 1391 635 alloquitur,

250 659 437 729 vilissimis
466 680 507 728 ao
535 659 692 729 maxime
720 659 970 730 communibus
1000 661 1187 731 sententiis
1221 660 1390 730 abundat.

249 777 422 868 Volgares
443 775 615 867 tritosque
635 776 729 845 locos
752 775 913 858 effundit,
938 775 1058 846 sicut:
1083 799 1100 841 «
1121 776 1250 844 Omnia
1271 776 1394 846 functa

250 902 312 963 ant
332 893 503 984 moritura
521 891 625 962 vides
642 915 675 977 o,
705 901 766 962 aut
791 890 940 961 «alium
963 891 1028 961 tibi
1052 892 1125 962 lata
1147 891 1309 963 Philoton
1333 892 1393 962 da-

248 1008 340 1080 bunt
357 1035 389 1094 o,
407 1017 502 1096 autgc
518 1006 654 1078 habent
667 1015 703 1078 et
717 1007 867 1078 numina
880 1008 997 1094 legem
1013 1033 1046 1092 ›>,
1063 1016 1100 1079 et
1113 1015 1251 1078 caetera.
1269 1009 1393 1077 Amico

250 1125 401 1216 quodam
415 1123 674 1215 proficiscente,
690 1122 728 1194 in
743 1131 857 1194 artem
874 1123 1071 1216 navigandi
1087 1123 1280 1206 invehitur,
1298 1145 1394 1194 com-

117 1257 126 1273 ·
182 1223 185 1229 ⁵
249 1262 447 1332 munesquc
461 1241 556 1310 locos
571 1241 702 1332 saepius
716 1262 823 1331 quam
837 1239 989 1312 eximias
1004 1240 1237 1333 propriasque
1252 1247 1394 1311 senten-

247 1358 316 1428 tias
336 1358 439 1428 nobis
459 1358 620 1448 largitur.

291 1475 362 1565 Ipsi
377 1473 426 1543 dii
442 1473 553 1543 Statio
567 1473 766 1563 majestatis
781 1473 1033 1545 verecundiam
1048 1473 1111 1543 vix
1127 1473 1289 1544 afferunt.
1301 1473 1392 1553 Quid

247 1591 344 1661 enim
364 1590 480 1680 magis
499 1588 702 1672 ridiculum,
723 1611 831 1681 quam
851 1591 1004 1681 querelae
1026 1589 1190 1661 Herculis
1215 1590 1392 1681 gementis

247 1707 292 1778 de
307 1706 410 1778 Pollii
428 1704 556 1776 Felicis
576 1705 742 1791 avaritia,
759 1713 794 1776 et
813 1706 858 1777 de
877 1707 1074 1798 exiguitate
1092 1706 1216 1800 templi
1236 1706 1291 1776 sui
1310 1727 1393 1776 eru-

247 1822 427 1894 bescentis
446 1845 453 1890 :
476 1841 558 1892 ecce
576 1821 719 1892 blandis
738 1822 834 1893 ulnis
853 1823 1004 1893 Pollium
1023 1823 1261 1916 amplectitur,
1283 1822 1392 1893 mise-

246 1961 355 2032 reque
369 1939 562 2010 mendicari
577 1938 722 2030 incipit:
742 1962 759 2004 «
771 1942 823 2009 Da
838 1940 1025 2030 templum!
1041 1964 1059 2007 ›>
1075 1938 1171 2024 dein,
1183 1939 1391 2029 impetratas

246 2055 339 2125 aedes
355 2075 440 2124 suas
453 2054 531 2146 ipse
546 2051 720 2123 adificare
736 2054 886 2143 cogitur.
905 2053 1110 2147 Egregium,
1132 2062 1301 2144 tantoque
1325 2054 1390 2123 deo

246 2170 395 2260 dignum
410 2191 555 2255 munus,
574 2190 655 2238 cum
666 2168 827 2238 dextram
837 2168 1009 2239 humilem
1024 2168 1245 2262 superbienti
1260 2168 1390 2260 hospiti

245 2285 372 2373 tendit,
397 2294 535 2355 etcum
557 2306 687 2374 magno
710 2284 891 2354 molimine
914 2307 1002 2354 saxa
1021 2285 1390 2376 ligonemqneTyrin·

238 2401 342 2480 thius
356 2421 499 2471 movere
515 2406 680 2471 conatur!

289 2517 393 2602 Quin,
405 2521 601 2601 Lucanum,
612 2516 791 2606 insignem
801 2516 903 2586 illum
913 2517 1223 2608 miserrimumque
1234 2525 1386 2608 poetam,

244 2655 352 2724 qnam
371 2632 552 2703 communi
572 2631 801 2724 malignoque
820 2642 929 2701 cantu
949 2634 994 2723 (l)
1018 2632 1202 2724 deplorare
1224 2632 1389 2723 aggredi·

242 2759 315 2832 tur,
335 2749 447 2820 nihilo
474 2748 609 2818 tristior
636 2749 848 2839 graviorque
880 2748 1059 2835 Martiale,
1090 2770 1172 2818 cum
1204 2747 1249 2818 de
1270 2749 1391 2818 Natali

242 2865 377 2936 Lucani
396 2865 570 2936 officiosos
589 2884 717 2934 versus
737 2862 940 2956 componit:

398 3062 481 3124 Heu!
498 3062 577 3124 Nero
592 3059 737 3137 crudelis,
753 3061 902 3142 nullaque
917 3061 1046 3123 invisior
1063 3061 1180 3134 umbra,

480 3167 593 3230 Debuit
612 3169 668 3229 boc
683 3168 792 3230 saltem
808 3186 872 3229 non
887 3167 1011 3230 licuisse
1020 3168 1087 3230 tibi.

848 3273 970 3357 (Epio,
987 3275 1056 3353 VII,
1072 3277 1122 3352 al,
1140 3279 1188 3348 22,
1204 3276 1268 3356 23.)

244 3464 355 3536 Statio
379 3463 474 3535 enim
496 3484 542 3534 ex
564 3462 723 3555 ingenua
746 3483 812 3532 sua
830 3460 949 3531 indole
963 3481 1035 3531 non
1049 3459 1272 3553 suppetebat,
1295 3462 1390 3532 undo

243 3581 386 3671 magnis
417 3577 643 3671 egregiorum
671 3578 830 3647 virorum
858 3576 1053 3646 virtutibus
1087 3585 1149 3645 aut
1181 3574 1390 3666 ingentibus

244 3695 398 3768 miseriis
421 3702 624 3766 moveretur
649 3713 656 3761 :
679 3715 758 3786 quoa
774 3693 895 3763 omnia
910 3694 941 3763 is
958 3693 1101 3764 demum
1117 3691 1266 3762 miratur
1284 3702 1392 3784 atquc

244 3813 376 3905 optimo
395 3811 574 3902 exprimit,
592 3809 653 3901 qui
674 3830 716 3880 ea
735 3809 811 3901 ipse
830 3818 1000 3900 expertus
1019 3816 1085 3880 est.

276 4010 310 4074 (l)
327 4009 441 4076 Optime,
464 4007 497 4061 de
514 4009 563 4061 bac
585 4007 682 4060 Lucanl
703 4007 821 4072 maligna
844 4006 930 4068 laude,
956 4009 1065 4068 Nosco,
1094 4005 1169 4055 Poet.
1194 4006 1250 4054 tat.
1280 4005 1389 4070 Decad„

244 4093 265 4154 1,
279 4091 336 4143 2⁷1.
