3154 4970
626 385 768 448 -9..

127 546 208 630 buit,
225 555 302 617 tum
317 546 527 619 memoriam
541 543 804 630 incredibilem,
816 553 892 616 tum
902 545 1031 618 miram
1045 545 1270 636 imaginandi

128 669 226 754 atque
244 662 460 734 observandi
482 662 569 732 vim.

165 777 328 849 vividam
365 778 461 849 enim
492 777 748 871 insignemque
784 777 1004 878 observandi
1030 777 1269 874 imitandique

125 893 324 964 facultatem
343 893 484 978 hahuit,
510 913 573 985 per
593 914 700 984 quam
723 900 775 962 tot
799 893 979 986 egregias,
1002 892 1186 982 elegantes
1206 913 1267 962 ou-

124 1010 302 1103 riosasque
319 1009 425 1103 quasi
445 1008 588 1080 tabulas
600 1010 731 1100 pinxit,
750 1011 838 1096 sive,
866 1009 904 1080 in
928 1012 1006 1102 ejus
1022 1007 1138 1096 libris,
1165 1016 1267 1100 prata

123 1126 277 1197 suaviter
302 1125 473 1208 redolent,
503 1133 566 1195 aut
591 1145 689 1195 mare
720 1123 815 1195 inter
842 1125 1008 1216 scopulos
1037 1125 1174 1214 mugit,
1205 1133 1268 1196 aut

122 1243 214 1322 inter,
224 1240 400 1311 silvarum
419 1261 550 1325 ramos,
571 1240 660 1310 luna
678 1240 830 1311 tremulo
849 1240 986 1310 lumine
1011 1239 1125 1310 flavos
1148 1237 1266 1309 radios

123 1357 245 1448 mittit;
256 1357 345 1439 sive,
364 1357 492 1427 urbem
507 1357 708 1447 ingressus,
720 1357 829 1427 invia
843 1364 1084 1440 transeuntes,
1102 1356 1161 1426 vel
1172 1364 1271 1426 stan-

120 1484 172 1545 tes
189 1473 362 1565 quosdam
381 1473 419 1543 in
439 1473 638 1565 quadrivio,
662 1472 966 1563 tabernarumquc
980 1473 1190 1565 adspectum
1205 1480 1268 1542 aut

119 1588 227 1660 villici
255 1589 418 1681 cujusvis
446 1589 647 1681 operariive
679 1590 838 1681 speciem
860 1589 1083 1675 recordatur;
1117 1591 1194 1660 sive
1229 1588 1266 1657 in

118 1706 202 1776 villa
238 1705 395 1799 quadam
429 1706 535 1777 amici
569 1704 773 1776 tabulinum
811 1705 950 1791 invisit,
986 1714 1198 1797 statuasque
1217 1714 1268 1776 ta·

122 1822 294 1917 bulasque
304 1823 533 1913 nitentesque
543 1843 720 1894 marmore
735 1832 798 1893 aut
812 1823 921 1895 ebore
937 1822 1091 1914 parietes
1103 1823 1266 1910 miratus,

119 1939 299 2010 describit.

158 2057 238 2125 Non
254 2055 357 2124 modo
378 2056 535 2146 plurima
549 2056 731 2141 observat,
756 2055 818 2126 sed
842 2056 951 2127 etiam
973 2056 1129 2147 plurima
1152 2076 1268 2126 recor·

117 2172 233 2255 datur,
257 2171 446 2262 omnisque
478 2172 620 2262 generis
643 2180 857 2262 argumenta
885 2180 1023 2252 evocat,
1054 2179 1096 2241 ut
1124 2171 1268 2263 scriptis

121 2287 275 2381 pretium
296 2287 417 2374 addat,
440 2289 544 2381 plura
570 2296 754 2358 mutuatus
780 2297 856 2359 tum
882 2310 928 2360 ex
947 2290 1094 2360 deorum
1121 2295 1196 2357 tum
1223 2308 1268 2358 ex

119 2404 303 2474 hominum
322 2402 494 2490 historiis
523 2412 640 2475 tuma
664 2412 851 2490 terrarum,
873 2413 949 2475 tum
973 2403 1089 2476 ecoeli
1114 2402 1268 2494 descrip-

117 2519 226 2604 tione,
251 2526 327 2588 tum
353 2540 373 2591 e
396 2527 561 2591 veterum
587 2520 799 2613 scriptorum
824 2520 1003 2612 operibus.
1025 2518 1267 2612 Mythologias

114 2636 224 2719 enim,
255 2634 487 2708 hominumve
511 2636 694 2721 historiae,
726 2636 981 2728 geographiam
1013 2637 1074 2706 au't
1102 2644 1267 2706 astrono-

113 2752 236 2836 miam,
263 2752 437 2845 quidquid
462 2752 508 2823 ad
528 2754 688 2824 ornanda
705 2754 866 2824 carmina
894 2754 1004 2838 valet,
1025 2753 1062 2823 in
1087 2752 1265 2846 poeticum

111 2869 354 2960 festivumque
369 2867 648 2940 delenimentum
664 2869 754 2940 mira
774 2869 972 2939 subtilitate
987 2868 1110 2939 vertit.

157 2987 268 3077 Cujus
287 2986 466 3057 memoriae
494 2986 640 3056 minime
665 2986 759 3056 cedit
787 2985 914 3056 fertilis
940 2985 1145 3076 habilisque
1164 2985 1267 3078 copia

109 3123 168 3171 res
198 3102 431 3190 imaginandi.
469 3105 582 3182 Quam
608 3102 749 3172 abunde
773 3103 879 3172 callet
902 3103 1004 3193 plura
1030 3101 1178 3192 fingere,
1199 3123 1267 3172 va-

108 3217 257 3309 riasque
272 3216 412 3287 dicendi
432 3217 587 3288 rationes
603 3216 777 3302 invenire,
795 3217 922 3308 longas
938 3217 1148 3306 vividasque
1164 3216 1267 3285 sabu-

106 3331 165 3401 las
185 3352 207 3402 e
225 3331 336 3402 nihilo
352 3331 494 3417 ducere,
516 3339 579 3403 aut
597 3331 773 3424 exempla,
791 3331 1098 3424 amplificationes,
1117 3333 1267 3423 figuras·

105 3468 180 3540 que
198 3447 314 3518 omnis
326 3448 468 3538 generis
487 3447 662 3540 reperire!
681 3452 836 3539 Quaeque
849 3448 994 3536 singula
1008 3447 1045 3516 in
1057 3447 1266 3518 evolvendis

105 3563 290 3634 Silvarum
313 3563 416 3634 libris
440 3570 562 3634 notata
584 3564 856 3656 perspiciemus.
885 3567 964 3633 Jam
984 3585 1080 3633 nuno
1104 3563 1265 3633 animad-

104 3679 203 3750 verti
222 3686 352 3771 potest,
375 3679 528 3750 Statium
551 3680 641 3750 mire
660 3687 695 3749 et
721 3679 844 3751 vivido
869 3678 1121 3749 observavisse
1145 3686 1180 3748 et
1203 3678 1264 3749 de·

105 3794 275 3887 pinxisse
299 3817 353 3881 ea,
378 3819 457 3888 quae
479 3797 546 3866 sub
570 3796 682 3866 oculis
697 3796 856 3888 jacentia
879 3795 1036 3866 videbat.
1059 3794 1095 3865 si
1121 3795 1263 3886 quidem

104 3933 164 3997 ea,
188 3934 269 4003 quae
293 3912 465 4005 depingit,
488 3914 567 4006 ejus
596 3912 756 3984 animum
780 3933 906 4004 parum
926 3919 1084 3993 movent,
1105 3919 1261 3981 attamen

102 4027 233 4097 omnia
265 4030 343 4120 ejus
377 4050 505 4100 sensus
536 4030 586 4101 ita
602 4029 800 4124 pelliciunt,
830 4035 870 4098 nt
889 4047 1008 4098 rerum
1028 4028 1185 4111 formam,
1209 4046 1264 4095 co-

100 4143 235 4229 lorem,
259 4144 415 4216 sonitum
436 4169 575 4218 summa
595 4146 745 4218 veritate
773 4145 919 4216 reddere
939 4143 1101 4214 valuerit.
1129 4141 1261 4224 Oculis,

101 4259 353 4351 potiusquam
371 4273 503 4350 mente,
524 4274 654 4335 cuncta
673 4263 844 4334 intuetur.
