3154 4970
737 381 900 450 -238-

241 518 345 588 factis
355 518 492 604 adesse,
505 519 602 587 viam
613 516 764 610 Appiam
781 518 963 599 reiectam,
976 537 1086 587 arena
1100 516 1247 607 lutoque
1260 514 1391 606 pulsis,

241 655 283 704 ec
298 635 472 706 munitam
486 634 715 726 perlustrare,
732 633 886 706 Melioris
896 634 1017 704 hortos
1031 632 1201 714 inrisere,
1218 630 1281 701 ubi
1295 630 1392 702 inter

151 834 154 839 .
240 750 411 822 tremulas
434 749 601 820 arborum
624 749 778 835 frondes,
803 769 911 841 prope
934 749 1036 820 lacus
1059 749 1169 840 ripas,
1191 746 1389 836 singularis

239 863 301 935 illa
311 865 477 957 platanus
488 864 716 957 prospicitur,
729 864 813 935 dum
827 863 865 935 in
880 864 1101 957 lepidissimo
1111 883 1253 934 carcere
1264 882 1389 954 gerru-

238 977 296 1048 lus
310 979 484 1069 psittacus
499 987 631 1072 crepat.
649 978 804 1050 Mehoris
818 999 928 1071 puero
943 987 1185 1072 parentamus,
1198 975 1389 1066 exsequias

239 1094 357 1165 vocati
371 1095 640 1186 prosequimur3
656 1094 752 1178 dein,
778 1095 890 1165 Statio
905 1095 1110 1179 comitante,
1128 1093 1254 1163 urbem
1268 1111 1390 1184 perer-

240 1231 364 1280 remus
380 1232 402 1280 a
420 1209 544 1303 Campi
561 1210 681 1281 Martii
703 1209 881 1280 limitibus
901 1210 945 1280 ad
970 1209 1183 1300 Capitolium
1201 1207 1349 1291 clivum,
1367 1227 1390 1277 a

237 1326 441 1396 Domitiana
468 1326 530 1396 ria
552 1346 669 1417 usque
695 1327 752 1415 ad,
772 1329 919 1410 ¹Forum,
954 1326 1081 1396 attenti
1117 1325 1283 1416 captique
1310 1332 1389 1394 tum

181 1427 183 1431 ¹
238 1440 463 1532 publicarum
498 1450 576 1528 tum
607 1442 830 1532 privatarum
862 1441 996 1532 adium
1032 1442 1253 1511 ornamentis
1293 1438 1390 1510 divi-

238 1557 395 1649 tiisque;
424 1567 596 1651 purgatas
634 1578 739 1634 aures
776 1557 1113 1650 praebemuspoetae
1141 1555 1274 1628 dicenti
1307 1578 1388 1656 quae

237 1694 353 1767 nuper
384 1677 503 1745 Romae
531 1675 730 1762 evenerint,
758 1673 820 1764 qui
840 1672 991 1767 Gaeseris
1017 1674 1079 1764 leo
1094 1673 1262 1772 perierit,
1279 1693 1388 1771 quam

238 1812 345 1863 erem
363 1798 426 1861 aut
435 1793 608 1882 juvenem
625 1798 685 1860 aut
705 1789 894 1862 delicatum
912 1810 1061 1881 puerum
1085 1796 1149 1868 aut
1167 1796 1304 1881 patrem
1322 1810 1389 1858 uos

235 1906 363 1996 ,lugere
376 1914 549 1997 oporteat,
570 1908 672 1998 cujus
687 1925 821 1980 mensae
839 1905 1025 1984 assederit,
1038 1906 1141 1997 cujus
1155 1904 1299 1986 balnea,
1318 1903 1389 1974 vii'-

236 2022 323 2102 lam,
339 2023 548 2106 tabulinum
580 2021 761 2114 inriserit:
788 2042 873 2092 nam
896 2021 1028 2112 omnia,
1046 2021 1080 2120 si
1106 2043 1178 2113 qua
1204 2021 1386 2097 accidunt.

238 2139 359 2209 statim
378 2139 515 2210 Statius
532 2160 678 2212 narrare
700 2134 741 2208 ae
756 2137 936 2211 celebrare
950 2136 1254 2230 extemporalibus
1274 2139 1389 2208 versi·

234 2255 303 2326 bus
332 2254 552 2346 aggreditur,
597 2255 804 2348 priusquam
840 2254 995 2326 recentis
1027 2264 1180 2325 eventus
1217 2255 1390 2326 memoria

236 2369 427 2454 hebescat;
443 2391 560 2463 neque
572 2393 742 2463 unquam,
760 2371 792 2441 si
804 2380 945 2463 tompus
960 2371 1088 2463 poscit,
1105 2370 1190 2441 licet
1203 2371 1249 2456 ei,
1264 2380 1389 2462 poten·

236 2486 326 2558 tium
341 2487 536 2558 amicorum
554 2488 687 2559 favoris
706 2487 838 2581 egenti,
855 2486 1080 2578 respondere,
1098 2495 1271 2578 tanquam
1285 2486 1388 2558 illus-

235 2603 415 2678 trissimus
436 2605 498 2676 ille
525 2604 704 2675 Voltarius
736 2613 886 2692 noster:
914 2603 1114 2698 «Madame
1141 2603 1178 2673 le
1209 2603 1389 2674 duchesse

235 2719 453 2812 d’Aiguillon
471 2721 544 2791 m'a
561 2719 770 2792 commende
784 2720 828 2791 de
846 2719 956 2812 petits
975 2740 1059 2790 vers
1079 2739 1216 2790 comme
1230 2741 1276 2789 on
1292 2740 1389 2790 com·

233 2834 362 2907 mande
381 2835 445 2906 des
458 2836 566 2928 petits
581 2836 694 2927 pates,
715 2835 807 2904 meis
825 2855 910 2905 mon
928 2834 1007 2905 four
1021 2834 1116 2905 n'cst
1133 2854 1199 2925 pas
1218 2832 1349 2904 chaud.
1368 2859 1386 2899 a

280 2954 346 3024 Res
362 2958 466 3022 tanta
478 2951 635 3024 veritate
652 2950 722 3022 sibi
739 2950 856 3040 fingit,
873 2957 914 3020 ut
928 2970 990 3021 eas
1011 2948 1268 3021 describendas
1282 2949 1389 3042 quasi

233 3065 347 3137 oeulis
365 3065 551 3158 adspiciat.
578 3067 708 3138 Omnis
724 3065 823 3138 videt
845 3065 936 3158 ipse,
961 3065 1118 3155 fecitque
1136 3072 1178 3134 ut
1201 3072 1237 3135 et
1260 3085 1327 3135 nos
1345 3085 1389 3136 ea

233 3181 433 3254 videamus.
460 3185 599 3254 Patrem
619 3182 839 3268 recordatus,
858 3182 920 3273 qui
939 3182 1087 3273 poeticis
1106 3173 1171 3251 filii
1195 3179 1388 3272 triumphis

234 3297 347 3368 multa
361 3297 486 3369 laetitie
498 3297 668 3392 plaudere
685 3297 835 3382 solebat,
845 3318 1063 3390 quamquam
1079 3296 1207 3388 etipse
1224 3297 1262 3367 in
1277 3318 1389 3369 arene

231 3415 478 3500 concurrebat,
500 3415 608 3487 ducta
634 3436 678 3486 ex
707 3412 922 3486 athletarum
949 3414 1108 3484 moribus
1135 3413 1384 3498 translatione,

232 3551 351 3603 nonne
364 3532 403 3602 iu
417 3531 510 3602 circo
526 3531 651 3604 edesse
667 3530 736 3601 sibi
752 3529 908 3614 ridetur,
925 3530 1011 3601 dum
1026 3527 1128 3602 ludos
1142 3527 1247 3599 nobis
1261 3529 1387 3622 rapida
1407 3515 1411 3532 ⁸

230 3647 424 3739 virideque
438 3647 677 3739 descriptione
697 3645 849 3738 exponit
871 3673 878 3716 :

462 3790 649 3856 ,Attendunt
661 3789 763 3862 cunei,
778 3796 934 3870 spectatur
948 3789 1079 3852 Achaeis

372 3895 429 3959 lile
439 3896 547 3976 magis,
563 3895 670 3960 erebro
682 3894 757 3958 dum
772 3895 893 3958 iumine
903 3894 1040 3976 pulveris
1052 3894 1166 3956 haustu

376 4001 499 4064 Obruit.

278 4139 389 4206 Vacat
402 4137 553 4205 Forum:
567 4136 761 4226 statimque
771 4142 977 4226 antepoetae
986 4133 1108 4205 oculos
1119 4144 1269 4225 apparct
1283 4156 1384 4226 spec·

236 4250 1105 4342 taculumRomaeintercalidosmensesdesertae3
1128 4249 1237 4320 silent
1245 4252 1381 4343 jurgia,
