3154 4970
759 459 797 470 ..
820 423 919 487 58...

261 582 403 676 Sibylla
427 585 481 675 (V,
503 602 554 670 111,
580 585 672 676 lib),
700 584 763 656 sed
789 583 888 654 nullo
910 583 1013 654 modo
1034 582 1141 656 nobis
1164 583 1274 654 refert
1291 590 1416 652 vatem

262 699 364 780 illam
379 721 402 772 a
419 705 564 771 Marone
579 710 654 771 tam
669 701 791 772 viride
807 720 1029 793 expressam.

308 820 432 908 Longe
448 816 563 903 abest,
583 825 622 886 ut
638 838 660 888 a
674 827 778 909 poeta
792 837 980 910 poscamus
999 815 1194 908 promissas
1215 816 1418 907 longasque

261 931 535 1024 explanationes
562 933 794 1025 infinitosque
822 954 1004 1005 sermones
1041 932 1085 1003 de
1121 953 1337 1023 unaquaque
1374 952 1415 1003 re

263 1047 313 1120 ab
331 1048 410 1142 ipso
424 1057 598 1140 tractata,
619 1050 805 1142 loquacem
826 1049 922 1122 enim
945 1057 982 1122 et
1002 1048 1112 1120 nimis
1126 1047 1319 1120 verbosum
1334 1069 1421 1119 eum

267 1164 569 1258 vituperaremus,
599 1166 661 1258 qui
692 1167 812 1238 omnia
840 1167 954 1237 nimia
993 1165 1159 1255 tristique
1193 1164 1421 1236 abnndantia

267 1282 478 1374 explicaret,
503 1282 597 1354 sicut
619 1281 751 1356 liunus
771 1283 915 1374 quidam
939 1281 1001 1374 qui
1014 1281 1154 1352 vicinas
1173 1301 1309 1352 messes
1333 1279 1420 1350 sub-

262 1397 407 1488 mergit.

308 1513 437 1606 Liquet
453 1523 589 1604 tamen,
603 1525 718 1608 poetae
732 1537 811 1590 eam
832 1516 1041 1588 facultatem
1059 1515 1191 1597 inesse,
1206 1535 1286 1605 quae
1302 1509 1418 1605 possit

261 1629 323 1702 vel
338 1630 571 1723 paucissimis
594 1632 716 1708 verbis
740 1654 929 1726 personam
951 1631 1143 1726 quamdam
1168 1630 1273 1722 quasi
1294 1650 1416 1702 creare

264 1758 306 1816 ac
317 1747 440 1817 vivam
455 1749 589 1820 lacere:
608 1748 705 1821 baud
721 1749 826 1824 aliter
840 1749 964 1842 pictor,
976 1747 1202 1840 paucissimis
1213 1747 1417 1838 rapidisque

269 1862 485 1952 quibusdam
503 1864 744 1952 lineamentis,
772 1865 824 1936 ita
842 1864 1012 1936 tabellam
1036 1873 1153 1952 ornat,
1173 1872 1214 1932 ut
1236 1863 1416 1954 extemplo

269 1979 431 2050 arborem
453 1981 616 2072 wcujusvis
643 1981 784 2072 generis
811 1989 876 2054 aut
902 1980 1044 2052 vultum
1072 1981 1264 2072 quemdam
1295 1979 1417 2050 vivide

272 2115 483 2187 expressum
497 2118 751 2186 recognoscere
769 2118 896 2188 queas.

316 2213 420 2283 Haud
435 2215 486 2283 ita
501 2214 649 2284 Statius
667 2219 761 2286 Deos
775 2214 1022 2286 tantummodo
1035 2213 1180 2286 nomine
1199 2220 1316 2299 vocat,
1339 2221 1419 2282 tan-

271 2336 379 2421 taque
394 2328 571 2401 brevitate
589 2331 634 2422 (l)
649 2331 775 2417 utitur,
787 2339 829 2402 ut
844 2351 940 2428 saepe
952 2330 1096 2402 inhians
1110 2330 1246 2402 haereas
1259 2330 1421 2402 dubites-

271 2466 353 2536 que,
366 2466 558 2536 quemnam
573 2447 679 2517 deum
693 2447 753 2518 vel
763 2468 871 2537 quam
884 2446 1043 2517 tabulam
1057 2446 1260 2538 intelligere
1267 2445 1417 2524 debeas.

314 2565 430 2642 Quum
457 2562 617 2655 procedit
641 2562 781 2656 Sibylla
810 2586 828 2629 (ι
855 2562 1022 2654 quamvis
1046 2561 1194 2655 decepto
1216 2570 1319 2632 vates
1338 2582 1413 2631 non

264 2678 377 2749 inrita
404 2675 548 2764 Phoebo,
585 2705 603 2744 r>
638 2679 727 2751 utile
761 2688 817 2750 est
848 2688 885 2750 te
912 2700 985 2750 non
1017 2678 1199 2770 ignorare,
1228 2701 1249 2748 a
1277 2677 1418 2770 Sibylla

269 2794 444 2866 Phoebum
464 2805 645 2866 amantem
658 2796 799 2868 elusum
813 2796 938 2879 fuisse,
957 2805 1148 2889 postquam
1160 2794 1332 2888 jussisset
1350 2793 1420 2866 sibi

268 2920 322 2981 tot
341 2933 455 2982 annos
475 2913 634 2996 concedi,
652 2921 737 3004 quot
756 2932 873 2985 arene
887 2913 998 2984 micas
1019 2916 1057 2983 in
1081 2933 1191 2982 manu
1211 2932 1277 2982 sua
1291 2930 1422 3002 capere

268 3029 464 3121 potuisset;
491 3049 558 3100 neo
583 3050 847 3122 supervacuum
872 3037 926 3100 est
954 3031 1086 3122 tejam
1111 3028 1216 3114 scire,
1244 3027 1421 3120 quomodo

271 3144 456 3230 Cebrenis,
487 3147 665 3239 serpentis
707 3167 827 3218 morsu
864 3145 999 3230 saucia,
1039 3148 1194 3215 Esacum
1236 3143 1423 3215 ardentem

269 3263 436 3351 effugerit
452 3264 492 3353 (Ι,
506 3285 541 3348 v,
555 3264 688 3352 20-22),
705 3272 741 3335 et
755 3263 930 3355 quomodo
948 3263 1094 3333 Virbius
1109 3260 1300 3332 incolumis
1319 3261 1423 3330 vixe-

269 3378 329 3465 rit,
352 3377 566 3471 juvantibus
599 3380 714 3451 Diana
735 3380 1021 3471 AEscnlapioque,
1048 3399 1157 3472 prope
1191 3377 1423 3450 «conscium

269 3495 454 3588 Hippolyti
473 3495 592 3570 lacum
608 3521 641 3568 o.
661 3497 732 3586 (Ill,
752 3517 777 3579 1,
795 3497 866 3587 57.)

312 3612 409 3682 Adeo
436 3633 493 3682 res
522 3612 681 3684 breviter
709 3622 816 3706 atque
836 3613 986 3684 obscure
1006 3612 1163 3697 dicit,-
1187 3611 1340 3680 mirum!
1376 3649 1423 3662 -

269 3749 382 3819 quum
401 3727 545 3799 divinas
572 3729 713 3800 fabulas
737 3730 895 3821 attingit,
926 3731 1060 3821 loquax
1081 3728 1142 3799 ille
1161 3727 1423 3818 abundansque

269 3850 385 3928 ratae,
397 3845 458 3935 qui
477 3843 521 3917 de
536 3846 676 3916 cunctis
690 3847 799 3918 rebus
814 3854 891 3917 tam
909 3845 1048 3938 prolixe
1063 3844 1181 3915 dicere
1203 3842 1311 3914 solet!
1335 3846 1420 3924 Quae

270 3959 390 4030 omnia
414 3967 514 4032 tanta
536 3962 682 4033 solertia
702 3962 964 4055 prudentiaque
988 3961 1065 4054 ipse
1083 3959 1197 4044 novit,
1220 3967 1261 4029 ut
1286 3967 1423 4030 ceteros

269 4098 343 4146 non
372 4076 491 4148 minus
515 4078 637 4150 doctos
660 4101 741 4152 esse
764 4101 976 4172 persuasum
998 4077 1148 4149 haberet
1169 4100 1177 4148 :
1201 4075 1281 4146 ideo
1303 4075 1424 4146 omnia

304 4248 336 4307 (l)
353 4245 420 4298 Vide
442 4247 511 4300 intra
533 4261 615 4313 pauca
638 4249 670 4302 de
704 4251 893 4315 mythologlcis
916 4249 1061 4314 allegoriis,
1083 4247 1231 4311 inquibus
1253 4245 1290 4297 dli
1314 4245 1423 4309 deaqm

272 4327 370 4380 diutius
385 4327 434 4380 sub
450 4328 535 4380 oculls
549 4331 646 4382 nostris
659 4332 804 4383 remanent.
