3154 4970
520 867 662 954 'clror
692 887 854 990 aarum
901 873 904 879 '

261 1089 405 1220 ''Quo
426 1063 743 1221 modoyuin'gula
766 1101 1066 1172 obsonavere:
1167 1114 1169 1120 ’
1288 1111 1291 1118 ’

141 1435 143 1440 ,
163 1329 199 1421 Si
218 1350 361 1444 quidem
381 1327 518 1422 Statius
535 1349 691 1441 grandes
707 1331 835 1421 sensus
853 1333 1083 1443 nobilemque
1098 1334 1267 1452 indignaf

119 1468 250 1558 tionem
263 1468 513 1560 violentosque
533 1467 644 1538 animi
669 1476 787 1538 motus
807 1449 887 1537 raro
907 1468 1053 1556 profert,
1081 1467 1163 1538 aliis
1181 1488 1269 1540 vero

118 1584 349 1656 facultatibus
375 1586 488 1656 fretus
512 1585 673 1655 earmina
687 1606 765 1684 *sua
794 1583 952 1656 scribare
984 1584 1129 1656 videtur
1150 1609 1158 1656 :
1179 1569 1265 1658 nam

118 1701 219 1771 modo
235 1701 431 1773 multarum
450 1722 570 1772 rerum
585 1700 762 1785 meminit,
778 1689 881 1771 modo
898 1701 1014 1772 multa
1026 1699 1145 1791 fingit,
1162 1705 1265 1776 modo

117 1817 223 1889 obvia
237 1827 403 1889 accurate
422 1818 590 1889 observat
609 1839 651 1888 ao
665 1817 794 1889 reddit.

159 1935 244 2026 Ejus
281 1935 394 2026 igitur
426 1936 565 2027 poetica
597 1935 750 2005 facultas
782 1954 802 2005 e
830 1933 946 2004 tribus
983 1932 1041 2005 his
1079 1936 1267 2009 elementis

114 2033 275 2123 constare
302 2050 456 2136 videtur,
490 2051 630 2123 scilieet
650 2050 872 2137 recordandi,
898 2050 1124 2143 imaginandi
1157 2063 1264 2146 atque

116 2168 331 2239 observandi
348 2168 386 2239 vi
405 2169 590 2260 copiaque.
1034 2151 1037 2155 ¹

158 2284 295 2354 Statius
318 2304 377 2355 res
400 2284 540 2355 curiose
564 2284 755 2354 observare
780 2291 898 2374 amat3
919 2284 957 2354 id
978 2304 1065 2355 vero
1089 2280 1271 2358 observa

114 2400 222 2470 tionis
238 2421 353 2492 genus
368 2400 615 2471 tantummodo
630 2399 733 2470 libris
751 2399 827 2469 suis
849 2398 1007 2487 adhibet,
1024 2421 1132 2490 quam
1149 2383 1264 2474 nostri

113 2515 243 2604 gallice
267 2523 487 2587 «externam
513 2515 691 2586 observat
665 2525 800 2588 tionem
815 2539 834 2584 r>
861 2535 991 2589 vocare
1020 2517 1147 2590 solent.
1179 2520 1261 2593 Ideo

114 2629 227 2700 noli
212 2652 234 2702 a
261 2631 375 2702 Statio
393 2652 566 2724 quarere,
595 2653 685 2722 quos
714 2651 843 2703 sensus
866 2641 979 2725 gerat,
1003 2614 1062 2704 vel
1089 2631 1264 2740 quomodo

111 2748 225 2838 ipsius
241 2748 383 2819 animus
404 2757 603 2848 moveatur.
630 2747 780 2829 Quod'
752 2770 783 2818 st
802 2749 1008 2835 tentaverit,
1030 2772 1110 2842 quae
1130 2752 1263 2823 sentiat

111 2865 324 2956 exprimere,
349 2872 515 2935 nontam
539 2886 582 2936 ea
611 2863 690 2957 ipsa
718 2864 899 2957 exprimit,
925 2887 1033 2956 quam
1056 2867 1170 2980 multa
1189 2867 1263 2939 alia

109 2981 331 3066 recordatur,
349 2981 463 3051 multa
477 2981 629 3068 invenit,
648 2979 763 3051 multa
780 2988 916 3067 narrat,
932 2969 1078 3120 quippe
1091 2971 1152 3075 qui
1155 2985 1263 3114 sibi-

109 3098 256 3190 metipsi
274 3120 402 3190 parum
420 3097 593 3170 attendat.
1203 3117 1204 3122 ¹

158 3215 375 3295 Qualisvero
389 3235 508 3286 rerum
525 3221 714 3307 spectator,
734 3214 805 3284 imo
819 3220 1012 3286 scrutator!
1026 3218 1166 3297 Quanta
1178 3197 1265 3314 eura

110 3330 233 3400 omnia
256 3331 399 3415 lustrat,
413 3339 414 3342 ’
430 3330 587 3402 notanda
615 3330 882 3424 animadvertit,
911 3331 1032 3422 signat
1056 3332 1266 3408 admiranda

104 3447 165 3519 vol
181 3448 376 3540 conspicua
391 3469 554 3540 quaeque,
575 3456 611 3520 et
629 3469 749 3518 rerum
769 3447 905 3518 colores
925 3449 1141 3541 formasque,
1157 3451 1263 3543 quid-

108 3558 198 3653 quid
232 3563 386 3656 denique
423 3584 541 3650 aures,
576 3562 710 3649 oculos
745 3584 874 3635 sensus
894 3564 1095 3661 sollicitat!
1130 3570 1267 3639 Cuncta

108 3687 307 3764 scrutatur,
333 3702 375 3752 ac
396 3688 516 3752 mente
535 3689 653 3765 tenct3
676 3679 755 3750 ideo
774 3681 914 3773 exejus
933 3681 1154 3753 carminibus
1173 3683 1265 3756 mira

106 3794 306 3887 vividaquc
329 3795 431 3865 urbis
454 3799 573 3866 Romae
591 3795 731 3885 effigies
760 3796 840 3866 duci
866 3805 997 3888 potest.
1024 3801 1263 3869 Romanorum

106 3910 224 3980 vitam
244 3911 329 3981 foris
352 3932 393 3981 ac
414 3911 520 3996 domi,
549 3911 730 4002 publicam
754 3911 1015 4004 privatamque,
1032 3912 1199 3984 observat
1223 3937 1264 3985 ae

108 4025 288 4117 depingit.

156 4141 314 4213 Statium
330 4164 534 4236 sequamur,
559 4143 590 4212 si
609 4144 753 4234 quando
772 4144 862 4224 libet
880 4143 1034 4237 publicis
1053 4144 1155 4216 festio
1171 4146 1264 4219 inte·

108 4278 225 4346 resse,
252 4259 451 4352 splendidis
481 4259 733 4352 largitionibus
762 4282 783 4333 a
811 4265 947 4334 Caesarc
979 4262 1017 4332 in
1044 4263 1136 4334 circo
1167 4263 1264 4356 plebi
