3154 4970
717 319 876 382 ..22-

269 479 374 564 Quin,
399 488 434 549 et
455 480 493 548 in
509 479 630 570 gloriae
650 479 764 572 ipsius
779 479 923 549 taedium
944 477 1144 561 adducitur,
1160 495 1266 565 quam
1281 472 1371 543 nihil

223 595 295 665 nisi
311 595 431 666 nescio
451 617 558 688 quem
574 598 712 666 fumum
732 615 812 667 esse
826 596 965 686 judicat
986 613 994 663 :

722 769 723 774 ¹
789 775 1012 839 Mwfflmae

323 882 467 945 Solantur
481 890 585 958 cantu,
601 890 790 964 ventosaque
806 881 917 964 gaudia
931 881 1021 944 lamae

324 990 509 1065 Quaenmus

270 1172 383 1248 Quam
406 1169 568 1256 moleste,
592 1159 701 1261 quam
728 1168 855 1240 acerbe
879 1164 1002 1239 secum
1026 1167 1094 1237 sub
1119 1166 1224 1238 corde
1246 1167 1370 1258 gemit,

226 1283 311 1354 dum
327 1283 534 1376 potentibus
551 1285 627 1354 suis
643 1284 803 1376 patronis
819 1284 977 1355 arridere
993 1282 1153 1353 videtur!
1167 1281 1372 1366 Cavendum

227 1407 346 1470 tamen
370 1383 436 1484 est,
460 1422 541 1470 oum
566 1401 611 1472 de
637 1400 823 1471 hominum
843 1399 974 1470 animis
994 1398 1220 1470 aestimandis
1238 1398 1369 1489 agitur,

225 1537 282 1601 ne,
304 1517 470 1587 veritatis
488 1539 609 1604 causa,
634 1519 730 1588 ultra
749 1517 941 1589 veritatem
960 1516 1112 1610 prodeas
1135 1541 1142 1587 :
1166 1517 1372 1607 seepeenim

226 1636 258 1705 is
291 1636 519 1707 mendacium
552 1623 769 1727 assequitur,
799 1636 1016 1726 quiveram
1044 1634 1158 1704 nimia
1184 1633 1374 1704 sedulitate

227 1753 388 1842 inquirit.
416 1753 625 1822 Cavendum
645 1752 768 1843 igitur,
793 1773 839 1822 ne
854 1752 967 1822 Statio
989 1751 1133 1843 penitus
1155 1750 1373 1832 detrectetur

231 1868 347 1938 omnis
375 1868 527 1939 facultas
555 1876 696 1939 teneros
712 1867 822 1937 animi
847 1876 964 1938 motus
983 1868 1155 1962 quosdam
1181 1866 1371 1948 sentiendi,

233 2005 314 2054 cum
336 2005 594 2077 nonnunquam
613 1992 796 2077 appareat,
815 2004 897 2054 eum
912 1993 1044 2075 ¹sponte
1058 2005 1123 2053 sua
1144 1981 1371 2053 commoveri.

230 2101 372 2170 Amisso
403 2100 499 2170 enim
522 2121 644 2192 puero,
673 2123 742 2190 quo
767 2099 866 2185 fletu,
896 2121 965 2191 quo
992 2120 1139 2171 moerore
1168 2099 1374 2170 defunctum

230 2216 339 2286 dolet!
362 2221 475 2298 Quam
496 2216 692 2287 miserabili
710 2216 891 2307 flebilique
905 2215 1015 2286 animi
1031 2214 1256 2307 aegritudine,
1268 2236 1375 2306 quam

230 2333 341 2402 variis
371 2332 571 2425 lepidisque
604 2332 780 2402 coloribus
809 2333 913 2402 nobis
942 2333 1049 2403 refert
1077 2333 1178 2423 pueri
1201 2330 1376 2422 reptantis

230 2448 461 2538 ludentisquc
477 2448 630 2540 graciles
649 2448 852 2520 illecebras!
875 2451 988 2529 Quam
1005 2451 1117 2540 perite
1133 2447 1243 2539 patris
1259 2454 1377 2539 partes

233 2573 416 2656 artemque
439 2570 597 2635 exercet!
625 2569 739 2646 Quam
765 2565 882 2656 lepide
904 2586 942 2635 se
965 2565 1103 2635 inducit
1128 2585 1237 2656 puero
1267 2563 1378 2634 verba

233 2701 410 2772 sonosque
446 2688 721 2765 monstrantem,
766 2681 851 2751 dum
889 2689 1089 2774 reptantem
1132 2680 1205 2750 solo
1253 2679 1379 2751 dextra

232 2796 411 2888 erigebat,
437 2796 616 2866 demissus
636 2797 680 2867 ad
698 2797 820 2866 oscula
841 2797 894 2886 (V,
916 2799 950 2880 5,
970 2798 1046 2886 att!
1076 2797 1161 2878 Quis
1188 2796 1285 2866 dolor
1304 2796 1379 2864 sin-

236 2935 351 2999 cerus,
367 2913 438 2983 imo
458 2921 493 2982 et
517 2913 687 3004 eloquens
708 2915 762 3003 (V,
778 2932 816 3000 v,
839 2913 893 2995 tc,
920 2913 988 3004 aql!
1009 2917 1089 2983 Non
1112 2913 1231 2983 minus
1250 2911 1379 2984 flebili-

235 3030 303 3099 bus
322 3028 502 3113 lamentis,
517 3029 683 3099 defuncto
702 3036 816 3120 patre,
831 3029 961 3120 gemit:
983 3052 1000 3095 ι(
1015 3033 1084 3129 Fas
1099 3029 1247 3111 dixisse,
1265 3037 1378 3120 pater,

236 3167 309 3216 non
323 3154 363 3215 tu
380 3143 469 3214 mihi
489 3146 593 3236 plura
611 3144 787 3215 dedisses!
810 3169 828 3213 »

281 3263 364 3332 Rari
387 3270 509 3332 tamen
531 3261 706 3352 ejusmodi
729 3261 799 3331 loci
818 3269 902 3330 sunt
924 3283 932 3334 :
958 3262 1020 3354 qui
1043 3283 1108 3332 nos
1134 3261 1381 3331 tantummodo

239 3380 366 3451 docent
377 3379 544 3462 Statium,
559 3397 641 3448 eum
655 3377 779 3462 fuisse,
794 3378 855 3468 qui
872 3399 935 3447 suo
952 3378 1064 3448 dolori
1079 3377 1190 3448 verba
1202 3388 1379 3468 aequaret:

239 3496 389 3567 aliorum
402 3514 487 3564 vero
502 3513 688 3563 moerorem
707 3493 919 3585 laboresque
940 3495 1056 3584 magis
1075 3495 1177 3566 docte
1200 3494 1381 3586 exprimit,

237 3634 346 3704 quam
366 3620 406 3681 ut
429 3617 464 3682 et
482 3631 561 3695 nos,
592 3609 781 3681 scientiam
805 3618 988 3701 artemque
1017 3609 1148 3696 mirati,
1178 3631 1384 3703 permovea—

238 3749 318 3798 mur
338 3751 346 3799 :
365 3727 498 3797 oblitus
517 3725 686 3797 videlicet
702 3726 889 3797 Horatiani
904 3725 1002 3797 illius
1021 3727 1187 3819 praecepti
1209 3753 1216 3796 :

479 3905 512 3969 Si
527 3907 573 3967 vis
587 3924 637 3966 me
650 3904 735 3982 llere,
751 3905 919 3969 dolendum
934 3915 981 3970 est

341 4012 480 4075 Primum
495 4013 562 4093 ipse
577 4011 644 4074 tibi.

285 4194 507 4281 Quamquam
515 4188 619 4259 nobis
631 4189 667 4259 id
676 4189 890 4276 obtestatur,
898 4191 1145 4282 parumliquet
1158 4209 1241 4260 eum
1253 4191 1387 4264 amico-
