3164 4972
657 331 696 346 ..
718 245 817 362 35¹..

161 467 224 528 aut
233 459 378 530 lintrem
391 459 427 530 in
438 466 542 550 portu
551 479 681 529 ancora
690 457 887 534 fundatam.
899 464 961 526 aut
972 456 1126 549 pharum
1141 456 1181 526 in
1191 455 1310 526 littore

163 565 422 656 splendentem,
440 565 686 636 autrusticum
702 563 857 654 aliquem
872 564 960 634 facie
980 563 1198 655 squalidaex
1212 562 1309 652 agris

162 680 201 749 in
217 679 375 750 casulam
396 699 544 772 vespere
563 685 811 750 revertentem.
839 679 923 757 Quae
946 677 1065 748 omnia
1080 680 1211 769 juvant
1223 697 1309 746 nos-

163 803 237 865 tros
261 795 431 886 aequales,
453 801 614 866 assuetos
630 800 682 864 tot
704 813 810 884 opera
831 794 1009 878 evolvere,
1036 792 1098 862 ubi
1125 791 1216 862 nihil
1238 792 1310 862 nisi

163 910 337 1000 ignobilia
347 911 432 981 vitae
450 910 664 1001 urbiumque
679 909 757 980 loca
771 908 1034 991 deseribuntur,
1045 909 1130 978 dum
1143 907 1202 978 hie
1216 907 1311 977 vico-

162 1047 243 1095 rum
263 1033 324 1096 aut
339 1025 541 1097 villicorum
565 1034 628 1096 aut
652 1025 890 1118 operariorum
921 1045 1037 1096 mores
1058 1023 1163 1095 nohis
1188 1023 1308 1111 refert,

162 1142 321 1234 dumque
346 1141 408 1213 ille
429 1163 495 1212 nos
518 1142 611 1213 inter
626 1162 764 1212 orasses
790 1140 1021 1232 sordidosque
1040 1138 1223 1210 mendicos
1248 1148 1310 1210 aut

114 1251 116 1259 ’
162 1259 256 1328 inter
275 1256 440 1328 carbonis
456 1258 607 1328 fossores
627 1266 687 1327 aut
707 1257 799 1327 inter
818 1255 1012 1326 vilissimos
1035 1253 1309 1346 perditissimos-

161 1393 232 1464 que
251 1380 364 1443 coetus
379 1372 500 1443 trahit.

208 1489 320 1558 Statio
346 1497 466 1559 tamen
493 1491 604 1581 major
632 1488 744 1582 pudor
767 1488 873 1574 inest,
901 1509 1007 1578 quam
1030 1494 1070 1556 ut
1098 1507 1164 1556 nos
1184 1485 1235 1556 sio
1263 1484 1308 1555 ad

13 1575 15 1586 7
124 1636 127 1640 ·
161 1606 280 1698 turpia
294 1605 420 1698 rapiat,
437 1645 484 1656 -
497 1589 732 1698 praeterquam
747 1604 777 1675 si
792 1605 988 1697 potentium
1005 1604 1199 1673 amicorum
1219 1601 1309 1673 deli-

161 1731 259 1792 catos
281 1721 420 1793 defleat.
453 1725 538 1807 Imo,
566 1722 821 1813 pulcherrimas
854 1741 911 1792 res
942 1720 1135 1811 depingere
1169 1718 1307 1804 maluit,

161 1840 310 1930 ejusque
330 1837 462 1908 auxilio
481 1837 586 1908 nobis
608 1837 812 1908 conceditur
830 1837 961 1920 Stellas,
979 1835 1136 1906 Vindicis
1156 1842 1218 1904 aut
1235 1838 1308 1906 Me-

159 1955 259 2025 lioris
297 1954 585 2046 splendidissima
620 1953 867 2045 ditissimaque
895 1952 1058 2023 tabulina
1086 1971 1305 2044 percurrere,

160 2091 375 2141 marmoreos
396 2071 550 2163 parietes
568 2091 676 2140 manu
691 2069 910 2160 contingere,
921 2068 1115 2159 caelataque
1129 2088 1174 2138 ex
1189 2087 1258 2137 aere
1272 2075 1308 2137 et

162 2208 249 2256 auro
265 2185 386 2276 sigilla
403 2185 526 2277 digitis
542 2194 706 2257 tractare.
724 2186 859 2255 Statius
880 2205 993 2276 genus
1003 2183 1092 2253 illud
1106 2183 1242 2275 poetice
1256 2181 1307 2251 in·

159 2302 254 2394 oepit
273 2301 587 2393 inauguravitque‚
609 2302 703 2393 quod
721 2307 882 2373 recentes
908 2309 1040 2370 vocant
1061 2323 1078 2366 «
1098 2298 1133 2369 la
1156 2299 1307 2390 critique
1338 2373 1340 2378 ,

158 2419 252 2488 d'art
271 2445 302 2506 a,
325 2419 489 2511 quodque
518 2425 572 2488 tot
603 2416 835 2488 illustrissimi
862 2417 975 2486 nostri
1008 2423 1118 2508 poetae
1145 2414 1306 2506 excolere

158 2545 267 2628 atque
283 2535 378 2605 omni
398 2535 503 2607 laude
518 2555 650 2624 augere
664 2555 736 2604 non
751 2533 932 2606 desierunt
953 2533 1013 2624 (l).

202 2656 383 2723 Cumvero
395 2652 524 2722 adhaec
542 2653 660 2722 omnia
675 2651 846 2722 accedant
865 2649 1118 2732 festivissimae,
1141 2631 1305 2718 urbanis·

157 2769 339 2860 simaeque‚
365 2769 543 2840 facillimae
571 2789 611 2838 uc
636 2767 793 2838 maxime
806 2787 1004 2838 numerosae
1023 2766 1069 2854 in
1084 2763 1303 2835 carminibus

155 2885 349 2957 condendis
368 2885 481 2968 dotes,
498 2884 670 2977 quomodo
688 2884 800 2974 igitur
816 2883 893 2954 lieri
916 2882 1041 2975 possit,
1064 2887 1106 2950 ut
1128 2880 1239 2950 Statio
1258 2921 1302 2933 —

154 3003 259 3094 plura
272 3002 356 3074 licet
370 3003 402 3074 ei
419 3001 575 3072 defuisse
592 3000 774 3072 latendum
789 3000 847 3085 sit,
865 3039 910 3052 -
932 2999 1158 3068 invideamus
1177 2995 1302 3067 laudes

152 3119 302 3212 jucundi
317 3118 552 3208 amabilisque
568 3127 690 3210 poetae,
717 3117 930 3207 omninoque
951 3114 1050 3206 digni
1070 3135 1175 3204 quem
1189 3113 1301 3182 amico

153 3235 391 3325 continuoque
413 3235 534 3304 favore
553 3237 827 3326 prosequamur?

187 3431 222 3493 tl)
237 3413 390 3482 Alludimu's
410 3431 447 3482 tot
470 3431 642 3494 lepidissimis
656 3430 818 3482 carminibus
835 3429 930 3494 quibus
945 3439 1022 3482 suurn
1044 3439 1142 3480 nomen
1161 3427 1300 3492 inscripse-

152 3513 217 3563 runt
244 3512 276 3564 V.
300 3514 383 3576 liugo,
418 3513 465 3563 Th.
495 3511 607 3572 Gautier,
638 3512 685 3563 Th.
713 3510 745 3562 de
773 3511 903 3574 Banville,
941 3509 1090 3562 uarie-sose
1119 3508 1152 3560 de
1178 3507 1298 3571 Heredis,

151 3593 240 3656 totque
261 3592 316 3644 alii.
