3154 4970
571 388 729 450 ...63-

85 541 211 628 Sabaei,
236 542 474 637 Indorumque
499 567 626 617 arsura
651 563 769 634 seges
796 538 979 612 Palaestini
997 536 1223 627 Hebraeique

85 658 238 749 iquores,
272 659 500 752 Coryciaeque
525 682 646 747 comae,
680 661 904 752 Cinyreaque
937 657 1112 747 germina.
1146 655 1224 724 Nec

85 773 194 844 minus
227 774 395 847 docemur
430 799 523 869 quae,
553 778 648 848 inter
677 774 941 868 imperatoriam
981 771 1218 865 sparsionem,

85 890 178 980 plebe
196 910 324 978 manus
343 892 525 978 tendente,
544 892 645 965 velut
660 889 775 963 imber
794 890 947 972 faustus,
968 887 1137 980 pluerint,

315 1061 466 1143 Quicquid
482 1061 585 1125 nobile
599 1061 731 1144 ponticis
746 1060 866 1122 nucetis

315 1167 466 1230 Fecundis
481 1168 561 1232 cedit
575 1175 630 1232 aut
635 1167 720 1250 jugis
736 1166 877 1241 Idumes3

313 1273 402 1350 Quod
417 1275 512 1337 ramis
526 1275 577 1357 pia
593 1274 746 1357 germinat
760 1274 940 1336 Damascosx

314 1380 352 1441 ut
366 1380 449 1461 quod
462 1381 621 1463 percoquit
634 1388 768 1444 aestuosa
783 1381 919 1456 Caunos,

314 1487 423 1568 Largis
440 1487 610 1569 gratuitum
626 1488 707 1551 cadit
720 1487 838 1569 rapinis
854 1486 908 1568 (1).

870 1588 931 1672 (S..
949 1591 1026 1667 I,v1,
1045 1587 1108 1671 lh.)

125 1757 247 1823 Restat
269 1761 390 1824 tamen
411 1762 451 1822 ut
467 1774 672 1826 moveamur
686 1752 862 1844 singulari
881 1752 1158 1841 longinquarum
1184 1748 1228 1817 il-

85 1869 195 1939 larum
221 1879 397 1940 terrarum
426 1871 555 1961 specie.
587 1873 714 1941 Nonne
728 1870 823 1940 enim
847 1876 988 1960 poetam
1006 1868 1227 1956 interrogare

85 1984 259 2056 velimus:
280 1986 342 2078 qui
361 1985 555 2078 qualesque
574 1994 658 2056 sunt
673 1994 725 2055 tot
741 1985 793 2055 illi
812 1985 893 2065 loci,
914 1986 1059 2076 precor?
1075 1987 1159 2064 Quae
1174 1983 1226 2052 la-

85 2101 157 2170 cics
173 2109 224 2171 tot
251 2102 413 2195 populis?
441 2123 522 2192 quae
547 2104 763 2174 vestimenta
789 2101 928 2171 lerunt?
943 2100 1075 2193 quibus
1104 2098 1226 2184 armis,

85 2217 212 2307 quibus
229 2217 428 2304 domiciliis,
447 2239 518 2309 qua
537 2218 768 2310 supellectile,
790 2217 959 2310 quacoeli
989 2217 1118 2308 specio,
1148 2215 1229 2306 qui·

85 2333 150 2402 bus
171 2333 327 2403 moribus
343 2338 513 2405 utuntur?
528 2337 622 2405 Num
636 2335 730 2405 inter
744 2334 903 2407 desertas
922 2351 1160 2423 arenosasque
1173 2351 1228 2402 re-

85 2450 207 2540 giones
235 2471 493 2544 nonnunquam
521 2471 665 2522 cernere
696 2451 780 2522 licet
798 2449 949 2535 Arabas,
970 2446 1228 2542 pernicissimis

86 2566 181 2657 equis
200 2587 324 2637 crocea
343 2573 539 2660 aurataque
560 2575 661 2638 veste
687 2566 847 2638 instratis
869 2566 1080 2652 insidentes,
1102 2564 1229 2656 pulve-

87 2701 227 2773 remque
246 2682 454 2754 turbantes?
472 2705 559 2753 num
578 2683 732 2754 candent
749 2684 822 2754 late
839 2681 904 2753 sub
924 2680 1152 2752 calidissimis
1172 2701 1227 2749 so-

87 2798 124 2867 is
151 2797 263 2867 radiis
291 2798 466 2869 camelina
485 2800 684 2870 Africorum
712 2799 887 2872 tentoria?
907 2820 995 2868 num
1017 2798 1155 2891 palmus
1174 2818 1231 2866 ro-

88 2913 170 2984 lunt
189 2913 301 3005 tigres
318 2936 426 3007 prope
444 2915 551 2986 fontis
566 2916 663 2986 rivos
677 2916 740 2986 ubi
756 2915 885 2987 rubent
901 2914 1039 3006 siliquae
1054 2912 1231 3004 uitrique?

88 3035 163 3111 luae
179 3032 299 3101 omnia
313 3032 344 3101 si
355 3053 568 3122 cognoscere
579 3034 693 3126 cupis,
711 3032 864 3103 Statium
875 3032 1007 3103 frustra
1016 3030 1226 3119 interroges·

89 3149 189 3235 Idem,
212 3150 273 3240 qui
293 3157 366 3220 tam
379 3150 528 3234 curiose,
546 3158 620 3219 tam
637 3149 774 3242 prolixe
793 3169 836 3219 ea
849 3147 1050 3240 descripsit,
1067 3169 1146 3239 quae
1163 3149 1230 3215 Ro·

89 3287 147 3335 nae
166 3264 271 3352 vidit,
287 3265 490 3358 languescit
508 3273 544 3338 et
562 3266 600 3337 in
618 3266 753 3337 incerto
770 3274 904 3352 manet,
924 3262 988 3335 ubi
1008 3285 1051 3336 ce
1065 3262 1232 3357 aggredi·

90 3403 150 3468 ur,
169 3403 251 3474 quae
269 3389 352 3452 ante
371 3381 491 3452 oculos
510 3404 583 3453 non
599 3363 731 3474 jacent.

121 3501 220 3578 Quas
235 3497 330 3568 inter
344 3498 510 3588 regiones
525 3519 633 3568 unam
649 3499 826 3591 praecipuc
841 3499 974 3569 eximia
988 3506 1064 3568 arte
1083 3496 1233 3568 festiva-

91 3635 148 3705 [ue
168 3613 376 3684 amoenitate
406 3613 581 3705 depingit,
607 3614 744 3685 scilicet
768 3615 894 3687 urbem
922 3613 1107 3706 Neapolin,
1124 3635 1231 3705 quam
1322 3708 1325 3714 Ι

92 3729 279 3822 plendidis
298 3729 465 3800 laudibus
481 3731 634 3801 ornarit.
652 3731 742 3812 Quid
760 3732 857 3802 enim
870 3730 1018 3823 Neapoli
1032 3728 1232 3823 pulchrius?

285 3899 346 3963 Nec
360 3900 416 3963 tibi
431 3900 608 3983 sulphureis
622 3903 762 3966 Lucrinae
775 3902 887 3966 Naides
906 3901 1004 3964 antris

286 4009 348 4069 Nec
362 4009 546 4089 Pompeiani
559 4008 701 4090 placeant
716 4009 813 4090 magis
829 4009 892 4071 otia
908 4009 1010 4071 Sarni.

857 4113 917 4198 (8.,
935 4117 959 4194 Ι,
976 4135 1010 4193 11,
1027 4117 1112 4197 264.)

110 4283 146 4346 (l)
163 4281 239 4334 Adde
252 4282 333 4334 etiam
349 4281 449 4332 Silvam
462 4283 505 4342 IV,
520 4294 557 4346 rx,
567 4283 801 4349 hendecasyllabos
814 4285 918 4348 jocosos
931 4285 964 4338 ad
975 4284 1089 4338 Plotium
1104 4284 1232 4348 Grypum.
