3154 4970
608 391 770 456 -53-

118 553 258 646 deorum
271 550 412 622 fabulas
426 550 465 622 in
478 550 643 624 versibus
663 552 738 625 suis
748 553 944 626 condendis
952 553 1149 647 sepissime
1159 553 1263 626 adhi-

120 669 209 740 bitas
223 666 347 740 fuisse.

163 790 383 878 Quamquam
401 787 549 859 deorum
563 786 708 868 fabulis,
733 788 839 859 Statii
855 787 1001 880 quidem
1025 788 1260 883 temporibus,

118 904 240 996 religio
259 903 420 995 fidesque
440 903 534 998 apud
557 904 722 975 homines
749 926 822 976 non
846 908 921 1000 jam
959 916 1073 993 erant,
1103 915 1262 979 attamen

118 1030 225 1113 poeta
244 1031 480 1096 assueverant
497 1024 649 1096 eximias
669 1024 881 1110 sententias,
903 1023 1169 1110 similitudines,
1186 1046 1263 1096 am·

116 1137 361 1231 plificationeS,
399 1142 577 1234 exempla,
609 1141 795 1234 digressus
828 1141 914 1214 inde
949 1141 1090 1213 ducere.
1129 1140 1263 1234 Lepide

115 1253 326 1340 Lehanneur
347 1256 393 1348 (l)
412 1276 420 1328 ε
439 1257 535 1349 apud
550 1257 658 1350 huJus
682 1259 798 1329 aetatis
818 1265 943 1350 poetas
965 1280 1074 1330 anon
1090 1257 1161 1330 nisi
1180 1258 1264 1330 deo-

116 1394 193 1442 rum
212 1373 404 1444 simulacra
418 1374 616 1468 inanesque
635 1375 773 1469 species
796 1376 967 1468 reperias,
998 1376 1037 1446 iu
1067 1397 1157 1467 quas
1185 1397 1262 1445 am-

116 1490 209 1582 plius
245 1483 407 1584 pugnare
445 1490 567 1583 pudet,
599 1513 647 1563 ne
683 1492 867 1564 imitemur
897 1497 1036 1564 AEnean
1070 1492 1189 1584 gladio
1224 1494 1263 1564 in

115 1608 306 1680 volitantes
321 1608 467 1680 umbras
483 1609 610 1681 saevire
626 1619 824 1702 parantem,
841 1617 1039 1702 tenuesque
1053 1611 1260 1696 vitaslerro,

116 1725 186 1796 nisi
206 1723 340 1818 sibylla
354 1724 557 1812 admoneat,
584 1726 843 1797 discussurum.
867 1752 885 1795 »
916 1730 1011 1807 Quos
1038 1734 1160 1798 tamen
1183 1727 1262 1800 ina-

117 1862 181 1912 nes
203 1841 288 1912 deos
312 1849 414 1913 vates
434 1863 513 1912 raro
533 1849 789 1934 contempsere,
814 1862 897 1912 cum
915 1842 962 1914 ab
981 1841 1027 1913 iis
1057 1851 1264 1936 suppeteret

115 1958 210 2028 unde
232 1978 358 2028 versus
383 1958 500 2050 magis
533 1958 716 2029 numerosi
753 1980 796 2029 ac
828 1959 951 2030 diserti
979 1957 1119 2030 fierent.
1153 1961 1258 2055 Quin,

113 2094 232 2144 nonne
245 2096 342 2144 nunc
355 2074 464 2145 etiam
478 2075 682 2168 splendidos
701 2075 834 2147 colores
845 2085 957 2168 poetae
967 2076 1080 2146 nostri
1090 2071 1260 2162 carmini·

112 2190 180 2261 bus
196 2191 271 2261 suis
281 2191 365 2262 inde
376 2191 566 2263 intexunt?
578 2213 697 2264 nonne
704 2200 821 2263 tersus
832 2193 893 2264 ille
902 2214 1083 2286 purusque
1094 2201 1198 2266 uates
1210 2194 1255 2285 (2)

113 2307 261 2401 antiquo
294 2308 439 2379 deorum
463 2308 603 2380 numini
629 2309 861 2395 inserviebat,
886 2319 928 2380 ut
950 2310 995 2381 de
1022 2311 1129 2382 rebus
1153 2311 1258 2381 novis

112 2424 277 2515 antiquos
306 2445 432 2496 versus
462 2425 663 2497 scriberet?
690 2426 829 2497 Nostris
853 2426 997 2518 quidem
1021 2426 1254 2519 temporibus,

110 2540 251 2631 antiqui
267 2540 317 2610 dii
346 2562 365 2613 e
395 2542 617 2613 carminibus
645 2543 817 2635 propulsi,
844 2543 977 2614 deserti
1000 2542 1201 2635 incultique
1220 2543 1259 2613 in

108 2657 238 2729 exsilio
259 2649 321 2729 diu
336 2678 495 2730 marcere
509 2658 581 2728 visi
602 2666 687 2729 sunt
709 2679 717 2730 :
739 2667 817 2731 turn
833 2661 918 2752 quia
934 2682 1130 2751 griseorum
1144 2681 1260 2730 roma·

107 2795 309 2866 norumque
327 2775 474 2846 deorum
499 2783 630 2860 natura
663 2799 684 2848 a
718 2777 956 2880 religionibus
982 2771 1115 2849 nostris
1148 2777 1259 2870 pluri·

105 2913 205 2962 mum
222 2891 448 2978 abhorrebat,
473 2899 550 2964 tum
574 2893 660 2986 quia
682 2902 792 2988 poetae
814 2895 1014 2989 complures
1033 2899 1078 2990 (3)
1098 2897 1257 2990 antiquis

104 3010 176 3080 diis
196 3009 248 3080 ita
263 3010 321 3080 usi
337 3017 450 3097 erant,
473 3020 514 3081 ut
526 3010 690 3101 legentes
707 3020 769 3083 aut
784 3013 993 3100 dormirent,
1007 3022 1070 3086 aut
1085 3015 1255 3088 riderent.
1361 3108 1363 3114 Ι

102 3130 200 3207 Quos
213 3126 310 3198 inter
327 3127 431 3198 nobis
447 3130 577 3201 referre
592 3129 698 3201 liceat
715 3131 891 3201 famosum
920 3131 1024 3202 illum
1050 3141 1190 3224 poetam
1207 3135 1253 3226 (l)

106 3243 304 3314 «Pindaro
342 3244 421 3339 ipso
449 3247 597 3318 deorum
627 3248 862 3320 amantiorem
884 3274 922 3328 n,
962 3270 1043 3319 cum
1081 3250 1169 3321 talia
1197 3272 1255 3320 ca-

105 3369 237 3432 neret:
885 3377 889 3386 '

409 3508 454 3571 La
465 3507 577 3570 colline
593 3510 646 3590 qui
658 3528 727 3571 vers
743 3509 771 3572 le
785 3510 856 3591 pdle

409 3615 512 3678 Borne
527 3635 584 3679 nos
597 3615 714 3680 fertiles
729 3619 849 3700 marais¹

409 3725 529 3804 Occupe
541 3722 586 3785 les
600 3723 722 3786 enfants
732 3711 836 3788 d'Eole

408 3829 438 3892 Α
451 3830 563 3912 broyer
577 3830 622 3894 les
636 3831 715 3894 dons
729 3832 766 3894 de
782 3833 884 3897 ceres.

136 4044 173 4108 (l)
189 4043 228 4094 De
243 4045 338 4107 Statio,
353 4058 379 4110 p.
391 4047 445 4100 lit.

140 4125 175 4188 (2)
191 4126 224 4177 Α.
240 4125 359 4178 Cbenier.
748 4191 753 4200 ,

137 4205 173 4352 (Ξ)ι
186 4205 407 4340 ῒὲξὲῃῐῐὶιοιιεεοαυ
423 4209 467 4261 vel
481 4209 583 4275 batille,
598 4212 627 4264 ut
642 4213 763 4277 exemplo
777 4213 892 4264 utamru.
