3154 4970
778 389 937 452 —68-

278 554 355 620 rate
379 548 563 638 meminit;
585 568 708 620 eorum
727 548 773 619 ad
797 547 1001 640 exemplum
1018 546 1160 617 libellos
1175 545 1323 615 lascivis
1338 543 1433 636 jocis

278 664 440 735 madidos
455 665 542 736 Silio
558 665 691 736 mittit:

502 836 551 900 Sic
564 836 669 899 forsan
684 843 772 900 tener
785 854 882 898 ausus
896 842 942 898 est
954 834 1094 900 Catullus

502 945 614 1025 Magno
629 945 750 1008 mittere
763 963 919 1028 passerem
931 943 1060 1006 Maroni.

962 1051 1082 1134 (lipia,
1099 1051 1152 1127 IV,
1166 1049 1230 1130 ti.)

323 1208 421 1280 Idem
435 1210 497 1282 ille
517 1212 628 1283 Silius
647 1219 784 1304 quanta
803 1235 900 1296 cura,
921 1221 1058 1305 quanta
1080 1210 1256 1301 religione
1278 1206 1430 1298 Vergilii

280 1327 490 1398 memoriam
519 1329 641 1413 coluit,
667 1329 781 1400 Plinio
811 1334 920 1401 teste!
957 1353 974 1408 ‚c
994 1327 1145 1418 Vergilii
1183 1333 1266 1398 ante
1304 1343 1429 1394 omnes

282 1443 442 1530 natalem
478 1444 682 1536 religiosius
715 1467 823 1537 quam
860 1467 966 1518 suum
1008 1443 1231 1534 celebrabat3
1275 1439 1429 1533 Neapoli

280 1560 438 1631 maxime
446 1561 510 1631 ubi
525 1570 796 1636 monumentum
807 1564 885 1655 ejus
897 1562 996 1634 edire
1006 1568 1046 1633 ut
1057 1559 1230 1653 templum
1242 1557 1382 1638 solebat
1394 1581 1427 1624 a.

284 1676 384 1767 (Eo,
406 1679 466 1762 ΙΙΙ,
493 1679 541 1768 ii

330 1792 423 1872 Quid
443 1793 555 1885 igitur
580 1795 722 1880 mirum,
744 1795 775 1864 si
793 1795 942 1878 Statius,
963 1795 1080 1864 aetatis
1105 1815 1179 1864 suae
1200 1790 1433 1870 consuetudi-

284 1929 368 1982 nem
388 1918 547 1997 secutus,
565 1931 638 1982 non
653 1910 840 1983 immemor
853 1910 1038 2001 religionis
1054 1931 1075 1980 a
1093 1908 1337 2002 municipibus
1353 1905 1430 1978 suis

286 2026 535 2117 Neapolitanis
554 2026 702 2117 Vergilii
715 2027 853 2099 nomini
872 2034 1034 2110 servatae,
1052 2025 1201 2118 Vergilii
1219 2045 1327 2118 opera
1346 2029 1431 2099 ante

288 2141 412 2214 oculos
431 2162 573 2234 semper
591 2141 772 2234 habuerit3
794 2143 888 2235 quod
903 2152 937 2216 et
952 2144 1029 2235 ipse
1045 2143 1151 2235 plane
1170 2140 1325 2218 asseruit
1343 2163 1350 2208 :

427 2313 626 2394 Maroneique
640 2313 749 2376 sedens
764 2315 798 2376 in
813 2315 954 2396 margine
967 2312 1075 2395 templi

366 2420 463 2482 Sumo
478 2419 620 2482 animum
635 2426 665 2482 et
680 2421 785 2502 magni
799 2419 930 2483 tumulis
945 2419 1074 2481 adcanto
1089 2419 1228 2501 magistri
1243 2418 1300 2500 (i),
1355 2457 1357 2464 ›

330 2579 546 2652 Incredibile
574 2589 629 2652 est
654 2589 790 2674 quanta
816 2580 998 2668 facilitate,
1029 2588 1165 2684 quanta
1189 2580 1366 2651 varietate
1394 2598 1435 2647 ac

286 2694 356 2766 lide
385 2704 438 2766 tot
464 2698 695 2789 apraeteritis
728 2698 961 2790 scriptoribus
985 2707 1127 2791 sumpta
1156 2697 1268 2770 verba
1301 2693 1432 2798 carmi·
1552 2685 1553 2690 ’

289 2832 385 2883 nave
405 2814 536 2884 referat
557 2830 565 2882 ε
592 2813 679 2885 adeo
697 2823 737 2883 ut
753 2815 790 2884 in
805 2815 882 2906 ejus
905 2814 1013 2885 Silvis
1032 2814 1180 2907 disjecta
1198 2811 1436 2906 complurium

288 2935 476 3020 poetarum
495 2929 656 3002 membra
674 2950 861 3020 agnoscas.

332 3044 496 3136 Vergilii,
522 3045 652 3131 Flacci,
677 3047 832 3116 Nasonis
861 3054 1130 3141 ceterorumque
1154 3068 1262 3139 opera
1288 3044 1436 3118 assidue

289 3162 453 3232 versavit
468 3163 710 3262 memoriaque
730 3163 856 3233 tenuit.
878 3163 990 3233 Nobis
1010 3163 1154 3255 quidem
1171 3184 1243 3233 non
1262 3162 1438 3233 inanimo
1550 3211 1551 3254 q

287 3285 343 3349 est
369 3277 566 3371 producere
599 3279 728 3350 seriem
756 3280 914 3351 locorum
943 3301 964 3350 a
992 3280 1105 3352 Statio
1134 3301 1154 3352 e
1181 3279 1294 3350 variis
1322 3278 1439 3371 poetis

288 3394 524 3467 deductorum
545 3421 553 3465 :
571 3395 664 3486 quod
680 3396 905 3467 fastidiosum
924 3419 1014 3489 opus
1032 3405 1084 3467 tot
1098 3397 1159 3467 alii
1175 3399 1252 3489 jam
1272 3395 1439 3488 aggressi
1549 3409 1550 3418 ¹

293 3519 380 3582 sunt
403 3512 464 3603 (2),
485 3518 527 3582 ut
547 3532 645 3582 nunc
670 3513 857 3603 exquirere
882 3512 989 3586 liceat
1005 3535 1076 3586 non
1095 3535 1175 3605 quae
1194 3512 1359 3584 imitatus
1379 3512 1439 3598 sit,

290 3627 354 3698 sed
368 3626 556 3721 quomodo.

322 3798 357 3864 (11
372 3796 506 3858 Sitv.,1V‚
521 3807 557 3859 1v,
574 3797 625 3860 553
640 3796 672 3848 ct.
687 3796 769 3850 ettam
780 3795 856 3860 ibid,
873 3799 904 3857 V,
919 3807 956 3860 111,
971 3799 1003 3850 83
1028 3797 1055 3850 et
1079 3798 1158 3850 notos
1177 3797 1320 3849 Thebaidos
1333 3809 1439 3862 versus,

290 3881 344 3942 1111,
359 3881 415 3932 816.

321 3956 781 4023 (t)ct.:bnrou1usznucnmasus
801 3957 830 4011 in
844 3969 877 4010 eo
895 3957 964 4010 libro
989 3957 1035 4021 qui
1057 3956 1231 4012 inscribitur:
1255 3961 1295 4012 lu
1316 3963 1439 4028 spatiani

287 4036 461 4091 lateiniacten
475 4036 614 4097 Dicbtcrn,
626 4038 783 4100 tnnsbruck,
800 4041 869 4100 1873,
886 4039 918 4091 dc
936 4037 1056 4102 Vergilii,
1078 4037 1189 4101 Horatii,
1205 4040 1292 4093 Ovidii
1312 4040 1440 4094 allorum-

289 4133 341 4188 que
363 4117 552 4180 imitatoribus,
569 4120 596 4169 at
610 4116 642 4170 de
657 4119 740 4172 statio
760 4118 894 4174 uberrime
917 4117 1073 4184 disputavit.
1098 4119 1269 4183 1111111111,
1296 4121 1329 4172 ue
1351 4121 1443 4172 Publii

294 4200 400 4266 Papinii
416 4198 497 4249 statii
510 4199 566 4247 vita
580 4200 607 4248 et
622 4198 754 4265 operibus,
768 4201 894 4270 liupellae,
911 4202 972 4254 1818
980 4219 987 4262 ;
1002 4199 1127 4264 quamvis
1142 4199 1276 4254 declaret:
1300 4221 1312 4246 1
1326 4214 1380 4256 non
1401 4207 1441 4258 ast

290 4280 375 4336 nostri
393 4278 522 4344 propositi
544 4277 573 4330 in
596 4278 639 4332 bis
653 4280 732 4348 nugis
750 4295 857 4348 operam
877 4281 1013 4334 insumere
1024 4296 1049 4342 a,
1064 4279 1181 4334 attamen
1195 4295 1253 4347 quae
1268 4282 1326 4336 loca
1342 4283 1440 4338 statius
