3154 4970
771 369 931 432 -46—

269 537 332 600 aut
355 528 510 600 attalicis
538 527 702 599 vestibus
735 535 808 620 aut
830 528 1007 599 inauratis
1032 527 1187 601 lamellis
1212 529 1422 622 angebant,

271 666 489 716 marmoreas
507 644 546 715 in
561 644 657 714 omni
672 661 804 733 genere
829 643 1190 732 aedesoxstruebant,
1205 645 1266 716 ita
1280 655 1333 728 ut,
1360 650 1427 718 Pa-

203 745 206 756 ’
271 760 360 852 pirio
376 759 534 831 Fabiano
551 769 704 846 auctore,
721 761 865 832 credere
875 761 1023 854 dignum
1038 772 1134 834 essct
1149 789 1167 828 «
1187 783 1365 832 marmora
1383 763 1423 834 iu

269 875 473 967 lapicidinis
495 879 678 962 crescere,¹
703 877 916 969 assidueque
942 879 1117 948 montium
1144 878 1265 949 ulcera
1294 886 1423 971 sponte

269 993 486 1085 compleri».
1079 1053 1082 1060 .

314 1113 461 1182 Romam
481 1109 742 1202 relinquentem
760 1109 955 1202 splendidae
970 1109 1065 1182 villae
1079 1109 1317 1204 accipiebant,
1338 1110 1418 1182 sive

268 1223 307 1296 in
325 1225 497 1296 viridanti
511 1225 611 1297 lacus
623 1226 812 1317 cujusdam
828 1225 917 1319 ripa,
937 1227 1015 1298 sive
1033 1227 1071 1296 in
1087 1226 1218 1298 declivi
1240 1227 1416 1298 montium

270 1342 374 1413 dorso
392 1342 460 1412 sub
473 1362 659 1413 nemorum
678 1341 815 1428 froude,
836 1343 913 1414 sive
928 1351 1012 1414 aute
1029 1343 1116 1414 litus
1139 1345 1247 1414 maris
1268 1355 1331 1416 aut
1355 1345 1418 1414 fri-

258 1457 374 1549 gidos
395 1458 547 1529 fontium
567 1459 692 1529 latices
713 1458 834 1530 sedem
855 1459 1047 1552 ponebant,
1068 1460 1146 1531 sive
1163 1469 1330 1531 naturam
1344 1482 1419 1532 cor-

269 1573 457 1666 rigendam
467 1574 706 1646 emendabant
715 1574 988 1667 mutabantque,
1004 1575 1076 1646 viis
1092 1596 1155 1668 per
1169 1584 1308 1647 montes
1318 1577 1418 1648 exci-

269 1689 333 1774 sis,
348 1689 672 1782 aedibusqucponto
683 1689 873 1782 impositis,
884 1689 1073 1761 desiccatis
1082 1691 1235 1782 stagnis,
1245 1690 1420 1782 silvisque

269 1805 344 1875 solo
373 1806 581 1898 adaequatis.
607 1805 745 1876 pradia
777 1805 1022 1897 acquirebant,
1057 1829 1137 1896 quae
1174 1808 1309 1877 rustica
1336 1827 1418 1878 esse

269 1921 463 2005 desierant,
493 1929 529 1994 et
549 1920 734 2014 inquibus
756 1921 861 2015 plura
883 1921 1090 2012 pavimenta
1112 1923 1287 1994 verrenda
1309 1941 1415 2012 quam

269 2057 374 2126 agros
388 2038 541 2108 arandos
555 2057 701 2109 cernere
718 2045 808 2108 erat.

313 2157 398 2234 Quae
417 2154 604 2239 miracula,
625 2155 657 2224 si
679 2155 843 2246 exemplo
858 2155 912 2224 uti
936 2154 1129 2248 poscimur,
1149 2155 1188 2226 in
1201 2153 1326 2227 Manlii
1345 2159 1416 2224 Vo-

267 2270 357 2362 pisci
375 2271 465 2342 villa
492 2271 742 2364 splendebant,
763 2271 857 2342 inter
875 2280 1018 2342 auratas
1040 2271 1162 2343 trabes
1181 2279 1218 2343 et
1236 2293 1417 2344 marmora

270 2386 459 2479 picturatis
481 2388 585 2459 venis
612 2387 782 2472 lucentia,
804 2407 945 2479 aeraque
962 2395 1126 2459 veterum
1144 2408 1254 2459 manu
1273 2388 1415 2474 caelata,

267 2503 485 2595 metallaque
509 2511 563 2574 tot
586 2503 698 2574 variis
726 2503 841 2574 modis
865 2503 963 2589 viva,
993 2511 1029 2576 et
1055 2503 1230 2596 quidquid
1256 2505 1417 2597 Myronis

265 2621 393 2693 dextra
416 2619 516 2706 lusit,
541 2629 576 2693 et
601 2628 712 2692 testas
742 2619 897 2690 nitidum
925 2619 1040 2690 solum
1056 2621 1273 2693 referentes!
1300 2620 1417 2692 'Visne

266 2735 514 2828 ingrediamur
547 2735 652 2807 Pollii
683 2735 813 2806 Felicis
842 2735 1074 2807 Surrentinae
1106 2735 1226 2806 aedes?
1252 2739 1343 2817 Quot
1376 2757 1420 2805 ac

265 2853 397 2944 quibus
416 2853 506 2923 artis
525 2851 819 2944 exquisitissimae
841 2852 1016 2944 prodigiis
1035 2851 1335 2945 praestringimur!

309 2969 556 3041 Percurrimus
586 2976 638 3038 tot
670 2989 830 3039 amoenus
861 2963 1032 3040 umbrosa
1058 2967 1182 3040 fronde
1213 2967 1335 3053 calles,
1365 2975 1419 3038 tot

265 3106 370 3157 rosea
386 3092 510 3178 xysta,
530 3092 796 3177 aestuantesquc
809 3105 856 3157 ex
870 3085 1052 3175 argenteis
1075 3084 1172 3156 tubis
1187 3084 1304 3156 undas
1323 3091 1360 3156 et
1379 3083 1418 3154 in

263 3199 474 3295 patentibus
493 3199 607 3274 alveis
627 3200 814 3274 micantes.
826 3205 1004 3272 Intremus
1016 3229 1024 3273 :
1037 3222 1145 3294 quam
1160 3201 1271 3272 variae
1280 3199 1419 3271 multae·

262 3339 333 3410 que
360 3319 449 3391 artis
473 3317 632 3412 species!
660 3320 725 3389 Tot
749 3325 893 3390 veteres
917 3337 1079 3410 ceraeque
1104 3317 1257 3409 aerisque
1275 3318 1414 3408 figurae,

262 3435 467 3526 tabulaque
488 3455 580 3526 quas
611 3433 750 3527 Apellei
782 3432 918 3505 colores
935 3434 1200 3516 animaverunt,
1226 3433 1418 3523 omniaque

262 3571 342 3641 quae
360 3550 540 3622 Phidiacae
563 3569 693 3622 manus
709 3571 844 3636 rasere,
858 3572 939 3641 quae
957 3558 1034 3622 arte
1056 3547 1218 3642 Myronis
1238 3547 1419 3642 outPoly-

262 3665 375 3738 cleteo
389 3667 475 3738 caelo
490 3666 642 3737 vivunt!

305 3782 450 3854 Atenim
461 3781 618 3854 dubitari
631 3791 761 3876 potest,
777 3775 924 3875 ingenio
934 3805 982 3854 an
989 3780 1209 3873 cogitatione
1224 3801 1267 3852 ac
1277 3781 1418 3876 ratione

261 3899 412 3969 Romani
440 3905 492 3968 tot
522 3896 765 3992 lepidissimus
797 3920 856 3971 ros
884 3903 1033 3970 Romam
1062 3896 1194 3970 advehi
1223 3895 1413 3990 jusserint.

263 4018 395 4085 Parum
404 4023 543 4086 certum
554 4015 595 4086 fit
603 4019 780 4087 Romanos
792 4024 919 4108 sponte
929 4037 996 4086 sua
1005 4014 1094 4085 artis
1104 4012 1418 4098 studiososiuisse,

262 4129 396 4222 quippe
408 4130 472 4222 qui
482 4131 826 4203 censereutdivitias
840 4131 1109 4224 potentiamque
1119 4129 1273 4214 ostendi,
1290 4126 1419 4219 siquis

260 4268 283 4316 a
301 4243 409 4316 victis
427 4244 569 4316 tabulas
584 4267 627 4318 ac
646 4247 752 4340 signa
771 4245 931 4340 exigere,
948 4246 1122 4338 variaque
1140 4243 1228 4316 artis
1242 4241 1419 4318 miracula
